2964 4366
389 312 812 374 METAMORPHOSEON
836 312 915 371 LIB.
938 312 984 371 XI

184 499 251 539 esse
271 487 366 539 satam
388 479 532 556 prodest?
559 498 598 539 an
619 477 706 538 obest
727 496 850 555 quoque
869 475 962 554 gloria
983 475 1106 536 multis?
1139 499 1187 548 320

185 577 283 638 obfuit
298 577 374 637 'huic
396 587 484 650 certe,
508 596 638 654 quaese
659 578 805 655 praeferre
830 575 945 636 Dianae

185 675 334 745 sustinuit,
356 674 525 753 faciemque
546 677 622 736 deae
642 675 781 753 culpavit.
825 675 917 735 atilli

186 774 228 834 ira
248 776 331 834 ferox
352 784 433 834 mota
454 785 499 834 est
522 773 633 834 “factis
642 776 658 802 ’'
679 793 739 852 que
762 773 973 852 “placebimus
983 775 998 800 '²
1019 771 1123 848 inquit.

186 891 242 933 nec
264 891 357 948 mora,
378 873 510 933 curvavit
530 891 624 934 comu
645 891 797 949 nervoque
819 857 955 950 sagittam

185 969 303 1050 impulit
323 982 354 1032 et
375 971 511 1032 meritam
533 971 647 1032 traiecit
668 971 835 1032 hamndine
857 970 997 1048 linguam.
1139 991 1186 1041 3²5

184 1068 285 1147 lingua
305 1080 392 1142 tacet,
416 1090 471 1130 nec
492 1089 550 1130 vox
571 1080 775 1148 temptataque
796 1070 886 1130 verba
907 1076 1078 1146 sequuntur,

185 1181 406 1246 conantemque
427 1169 511 1248 loqui
532 1188 602 1230 cum
623 1169 767 1247 sanguine
788 1168 848 1228 vita
868 1167 994 1245 reliquit.

184 1287 275 1345 quam
298 1267 387 1328 miser
406 1270 579 1347 amplexans
599 1287 656 1346 ego
677 1279 740 1328 tum
762 1280 928 1346 patruoque
948 1267 1083 1326 dolorem

185 1366 275 1426 corde
297 1366 360 1439 tuli,
382 1365 522 1444 fratrique
543 1366 594 1445 pio
615 1366 726 1427 solacia
747 1366 832 1442 misi3

184 1483 262 1542 quae
282 1476 366 1543 pater
385 1465 468 1525 haud
488 1465 573 1527 aliter
594 1485 684 1543 quarn
705 1476 808 1527 cautes
829 1484 980 1526 murmura
1001 1462 1086 1542 ponti
1137 1485 1187 1536 330

184 1562 300 1642 accipit,
323 1574 353 1624 et
374 1574 475 1624 natam
497 1566 715 1625 delamentatur
735 1564 915 1642 ademptam.

184 1671 218 1722 ut
238 1681 309 1724 vero
329 1663 484 1724 ardentem
506 1663 588 1736 vidit,
611 1675 716 1742 quater
736 1663 866 1744 impetus
887 1661 929 1722 illi

185 1761 216 1820 in
238 1759 355 1822 medios
375 1761 430 1822 fuit
451 1761 493 1822 ire
513 1780 601 1839 rogos
611 1785 620 1837 ;
648 1772 753 1840 quater
773 1761 844 1822 inde
865 1761 1000 1838 repulsus

185 1859 303 1920 concita
325 1860 460 1921 membra
480 1862 567 1939 fugae
589 1861 719 1933 mandat,
743 1859 907 1938 similisque
928 1858 1056 1919 iuvenco

184 1959 298 2038 spicula
319 1961 499 2022 crabronum
520 1981 621 2040 pressa
642 1961 757 2022 cervice
777 1959 898 2038 gerenti,
1138 1982 1185 2034 335

184 2078 244 2137 qua
264 2059 312 2120 via
332 2061 422 2133 nulla,
445 2060 510 2122 ruit.
554 2059 613 2120 iam
634 2072 699 2121 tum
720 2059 794 2120 mihi
815 2079 931 2120 currere
951 2059 1031 2119 visus

184 2158 251 2236 plus
272 2156 396 2218 homine
418 2169 470 2230 est,
493 2158 615 2236 alasque
636 2160 730 2236 pedes
752 2156 914 2236 sumpsisse
935 2168 1064 2234 putares.

183 2255 286 2332 effugit
307 2274 377 2334 ergo
398 2274 512 2329 omnes,
534 2258 680 2334 veloxque
701 2255 843 2334 cupidine
863 2255 915 2316 leti

183 2353 293 2413 vertice
315 2353 436 2413 Parnasi
457 2353 576 2432 potitur.
621 2353 776 2415 miseratus
797 2356 919 2432 Apollo,

183 2471 254 2511 cum
275 2470 308 2512 se
330 2451 499 2512 Daedalion
520 2471 592 2512 saxo
613 2452 741 2514 misisset
761 2453 800 2532 ab
821 2453 893 2526 alta,
1139 2474 1187 2525 340

183 2549 254 2610 fecit
274 2568 360 2620 avem
382 2561 411 2611 et
432 2549 538 2611 subitis
559 2552 743 2629 pendentem
764 2550 882 2612 sustulit
902 2549 964 2622 alis,

184 2665 297 2724 oraque
317 2647 436 2708 adunca
456 2646 549 2721 dedit,
571 2667 677 2708 curvos
698 2645 782 2708 dedit
803 2646 953 2726 unguibus
975 2649 1089 2720 hamos,

184 2743 323 2806 virtutem
344 2745 509 2824 antiquam,
532 2745 659 2808 maiores
680 2765 806 2824 corpore
826 2745 910 2806 vires.

184 2854 214 2903 et
235 2862 317 2904 nunc
337 2843 486 2922 accipiter,
509 2844 583 2906 nulli
604 2844 675 2906 satis
695 2862 821 2922 aequus,
841 2843 871 2904 in
893 2862 999 2904 omnes

184 2941 278 3003 saevit
298 2961 376 3016 aves,
399 2942 525 3022 aliisque
546 2943 653 3004 dolens
675 2945 708 3004 fit
728 2962 818 3005 causa
839 2943 981 3004 dolendi!
1016 2958 1018 2962 ·
1139 2967 1185 3017 345

225 3042 312 3118 Quae
332 3041 406 3101 dum
429 3041 568 3103 Lucifero
588 3041 706 3120 genitus
727 3040 869 3103 miracula
890 3052 987 3102 narrat

183 3138 223 3197 de
243 3149 381 3200 consorte
403 3158 465 3213 su0,
489 3159 577 3200 cursu
598 3139 723 3201 festinus
743 3141 853 3200 anhelo

183 3238 303 3298 advolat
324 3237 450 3299 armenti
472 3250 573 3300 custos
595 3239 732 3300 Phoceus
754 3241 877 3311 Anetor,

183 3345 213 3395 et
237 3336 354 3409 ‘Peleu
378 3337 478 3410 Peleu,
501 3355 628 3416 magnae
648 3335 703 3398 tibi
724 3335 846 3398 nuntius
867 3338 974 3398 adsum

182 3432 293 3494 cladis'
313 3433 362 3495 ait.
406 3437 622 3514 quodcumque
642 3436 724 3509 ferat,
747 3435 830 3496 iubet
850 3437 940 3496 edere
961 3437 1077 3498 Peleus.
1136 3460 1185 3511 35⁰

182 3534 295 3611 pendet
315 3542 346 3592 et
366 3531 431 3611 ipse
452 3544 534 3594 metu
555 3533 664 3612 trepidi
684 3533 861 3595 Trachinius
883 3533 949 3594 oris.

180 3630 231 3691 ille
252 3631 357 3693 refert:
388 3632 498 3692 ‘fessos
519 3633 558 3694 ad
579 3631 665 3693 litora
685 3651 774 3693 curva
796 3631 938 3694 iuvencos

181 3729 364 3806 adpuleram,
387 3728 489 3792 medio
510 3749 579 3791 cum
601 3732 652 3791 Sol
673 3729 835 3792 altissimus
855 3732 928 3792 orbe
