2964 4366
587 301 619 358 P.
643 299 768 358 OVIDI
792 296 972 357 NASONIS

280 467 416 548 cingitur,
440 478 469 528 et
490 467 625 546 pendent
646 463 758 526 circum
780 482 853 524 cava
875 474 1010 542 tempora
1029 462 1160 540 glandes.

188 628 191 636 ,
280 570 366 651 isque
387 568 478 628 deum
500 563 616 644 pecoris
637 573 776 643 spectans
799 560 849 624 ‘in
870 561 987 623 iudice’
1008 560 1081 622 dixit
1237 569 1285 620 16³

282 667 380 727 ‘nulla
395 683 485 726 rmora
506 666 570 725 est!
611 661 733 724 calamis
753 659 920 740 agrestibus
941 659 1060 721 insonat
1080 659 1137 732 ille,

280 763 497 842 barbaricoque
519 761 627 824 Midan
648 759 763 840 (aderat
784 779 855 821 nam
875 761 951 821 lorte
971 758 1103 838 canenti)

281 863 414 928 carmine
434 860 557 924 delenit.
599 871 668 938 post
689 860 770 921 bunc
792 877 875 922 sacer
896 878 948 920 ora
968 857 1083 920 retorsit

280 963 408 1025 Tmolus
428 963 468 1023 ad
489 979 523 1021 os
545 957 681 1035 Phoebi3
707 961 823 1020 tultum
845 977 898 1020 sua
919 958 992 1019 silra
1012 968 1114 1020 secuta
1135 968 1187 1018 est.

281 1062 330 1123 ille
351 1072 442 1140 caput
462 1060 572 1122 flatum
593 1060 677 1119 lauro
698 1057 860 1120 Parnaside
880 1056 998 1118 rinctus
1236 1065 1283 1133 165

281 1159 369 1221 verrit
389 1161 516 1220 humum
538 1156 629 1236 Tyrio
650 1167 780 1220 saturata
800 1155 913 1218 murice
933 1157 1020 1235 palla

282 1261 516 1337 instructamque
538 1257 630 1318 fidem
650 1255 777 1334 gemmis
798 1265 828 1316 et
849 1254 990 1316 dentibus
1012 1254 1097 1316 Indis

282 1358 408 1419 sustinet
428 1377 447 1417 a
468 1358 551 1418 laeva
562 1378 570 1430 ;
599 1357 694 1417 tenuit
716 1373 823 1416 manus
843 1354 934 1416 altera
955 1355 1108 1433 plectrum.

281 1455 402 1518 artificis
423 1466 516 1516 status
537 1453 602 1532 ipse
622 1455 686 1516 suit.
728 1464 793 1514 tum
814 1451 941 1514 stamina
961 1452 1054 1513 docto

281 1555 391 1636 pollice
412 1552 571 1628 sollicitat3
597 1572 727 1632 quorum
748 1550 909 1614 dulcedine
929 1562 1035 1630 captus

283 1660 365 1718 Pana
386 1653 470 1715 iubet
490 1653 617 1713 Tmolus
638 1649 769 1713 citharae
790 1649 965 1712 submittere
986 1668 1105 1710 cannas.

281 1752 427 1814 iudicium
449 1750 605 1830 sanctique
625 1751 723 1830 placet
744 1747 893 1811 sententia
913 1747 1024 1810 montis

282 1850 423 1912 omnibus
433 1873 442 1926 ;
468 1849 599 1929 arguitur
619 1861 719 1910 tamen
740 1859 832 1928 atque
852 1847 962 1909 iniusta
982 1857 1105 1908 vocatur

282 1950 370 2011 unius
392 1969 529 2011 sermone
551 1948 663 2010 Midae.
707 1967 764 2010 nec
786 1947 891 2009 Delius
910 1967 997 2009 aures

282 2051 445 2110 humanam
466 2048 589 2108 stolidas
610 2047 720 2126 patitur
739 2045 865 2108 retinere
887 2047 1020 2125 figuram,

282 2150 336 2210 sed
357 2146 446 2208 trahit
467 2146 498 2208 in
519 2146 658 2226 spatium,
680 2146 817 2226 ullisque
837 2145 1007 2207 albentibus
1028 2143 1140 2222 implet,

281 2246 495 2324 instabilesque
515 2246 590 2306 imas
610 2245 681 2307 lacit
701 2255 731 2306 et
752 2247 803 2307 dat
824 2263 913 2324 posse
934 2243 1054 2305 moveri.

281 2359 380 2408 cetera
400 2357 470 2406 sunt
490 2345 629 2419 bominis,
651 2356 766 2424 partem
787 2345 946 2405 damnatur
966 2342 997 2403 in
1018 2362 1118 2415 unam,

282 2444 475 2522 induiturque
494 2463 581 2505 aures
601 2445 682 2505 lente
702 2443 864 2522 gradientis
884 2443 976 2504 aselli.

324 2546 380 2604 Ille
401 2544 523 2621 quidem
545 2544 641 2604 celare
661 2541 753 2621 cupit,
776 2543 916 2621 turpique
937 2541 1052 2620 pudore

282 2653 418 2722 tempora
437 2641 592 2721 purpureis
613 2652 739 2720 temptat
759 2643 857 2702 velare
878 2640 968 2701 tiaris.

282 2742 337 2802 sed
357 2741 462 2801 solitus
481 2742 588 2818 longos
609 2741 686 2801 lerro
706 2760 839 2801 resecare
859 2738 984 2818 capillos

282 2842 396 2902 viderat
416 2841 476 2900 hoc
495 2841 633 2900 lamulus.
677 2839 729 2918 qui
750 2859 820 2900 cum
842 2858 898 2900 nec
919 2838 1045 2918 prodere
1066 2838 1162 2896 risum

282 2941 415 3000 dedecus
435 2938 566 3011 auderet,
589 2937 714 3018 cupiens
735 2940 838 2999 efferre
858 2936 915 2998 sub
935 2954 1031 3010 auras,

282 3058 339 3098 nec
360 3047 462 3116 posset
482 3039 605 3098 reticere
625 3051 734 3110 tamen,
757 3035 871 3098 secedit
892 3036 1080 3112 humumque

282 3138 386 3198 effodit
406 3147 446 3211 et,
469 3135 584 3198 domini
607 3138 710 3214 quales
730 3135 877 3215 aspexerit
897 3153 993 3208 aures,

282 3255 357 3297 voce
377 3236 465 3297 relert
485 3255 582 3314 parra,
604 3248 759 3314 terraeque
780 3237 985 3295 immurmurat
1006 3233 1147 3306 haustae;

282 3334 488 3413 indiciumque
509 3353 581 3394 suae
601 3335 683 3394 vocis
704 3334 808 3394 tellure
828 3342 944 3410 regesta

282 3433 389 3506 obmit,
412 3444 442 3493 et
463 3431 619 3492 scrobibus
640 3431 747 3492 tacitus
768 3430 896 3492 discedit
917 3430 1038 3510 opertis.

282 3531 385 3593 creber
405 3530 622 3592 bamndinibus
643 3529 777 3592 tremulis
797 3529 839 3591 ibi
860 3547 978 3607 surgere
998 3529 1083 3589 lucus
1237 3551 1286 3600 roo

282 3630 390 3708 coepit,
413 3641 451 3702 et,
473 3641 506 3689 ut
527 3629 656 3708 primum
678 3631 769 3707 pleno
790 3627 930 3689 maturuit
951 3645 1041 3700 anno,

282 3728 414 3808 prodidit
435 3729 614 3806 agricolam3
640 3726 701 3789 leni
723 3746 793 3788 nam
815 3737 914 3788 motus
934 3726 973 3788 ab
993 3735 1096 3786 austro
