2964 4366
613 239 646 297 P.
669 236 794 297 OVlDI
817 234 997 297 NASONIS

307 401 422 481 gurgite
442 423 544 483 pressa
563 402 644 482 gravi
665 423 764 482 neque
785 402 816 463 in
837 422 906 464 aera
926 401 1043 464 reddita
1063 404 1125 462 fato

307 504 409 563 functa
430 522 486 565 suo
506 513 560 564 est.
603 501 653 563 alii
673 513 771 581 partes
792 512 822 562 et
843 501 978 562 membra
998 498 1115 562 carinae

306 613 411 661 trunca
431 610 542 663 tenent
585 610 667 662 tenet
688 599 752 678 ipse
772 619 874 675 manu,
894 619 955 677 qua
974 610 1091 678 sceptra
1111 599 1234 672 solebat,
1258 608 1309 673 5⁶0

305 698 450 777 fragmina
470 697 579 777 navigii
599 699 690 776 Ceyx,
712 717 911 775 socerumque
930 709 1104 776 patremque

306 796 425 858 invocat
446 798 506 859 heu
526 799 640 858 frustra.
683 797 738 858 sed
759 795 886 874 plurima
906 795 1005 858 nantis
1025 795 1057 856 in
1078 815 1129 857 ore

306 898 442 974 Alcyone
463 894 603 958 coniunx.
646 895 728 956 illam
749 894 947 974 meminitque
967 896 1123 972 refertque,

305 993 384 1056 illius
404 1007 474 1056 ante
495 996 600 1057 oculos
621 1006 654 1055 ut
674 1004 763 1072 agant
784 1014 838 1055 sua
857 1013 983 1074 corpora
1003 995 1111 1055 fluctus

306 1095 398 1172 optat,
421 1104 451 1154 et
471 1093 616 1155 exanimis
637 1092 777 1154 manibus
797 1094 960 1154 tumuletur
979 1090 1092 1153 amicis.
1258 1102 1306 1164 5⁶5

305 1194 379 1254 dum
400 1203 491 1265 natat,
513 1193 682 1267 absentem,
701 1191 840 1269 quotiens
861 1190 931 1252 sinit
952 1190 1066 1252 hiscere
1087 1192 1202 1264 fluctus,

305 1291 442 1352 nominat
462 1293 628 1369 Alcyonen,
651 1289 783 1368 ipsisque
804 1289 1011 1350 immurmurat
1031 1287 1129 1350 undis.

305 1409 376 1451 ecce
397 1409 486 1468 super
507 1388 623 1450 medios
644 1389 753 1448 fluctus
774 1387 857 1465 niger
876 1406 963 1448 arcus
983 1406 1128 1465 aquarum

304 1488 454 1566 frangitur,
476 1499 506 1548 et
526 1498 613 1564 rupta
634 1507 764 1548 mersum
785 1496 876 1564 caput
895 1483 995 1547 obruit
1015 1486 1105 1545 unda.

305 1586 424 1647 Lucifer
444 1585 598 1659 obscurus,
620 1603 678 1646 nec
698 1603 789 1662 quem
810 1603 992 1662 cognoscere
1013 1602 1125 1661 posses,
1256 1605 1306 1660 57⁰

191 1753 194 1757 ,
304 1684 354 1744 illa
374 1687 441 1745 luce
461 1683 535 1759 fuit,
562 1681 768 1761 quoniamque
787 1683 931 1744 excedere
951 1683 1035 1742 caelo

304 1802 367 1843 non
388 1781 480 1857 licuit,
501 1781 603 1844 densis
624 1780 695 1860 texit
716 1800 770 1841 sua
790 1779 922 1841 nubibus
942 1800 1002 1841 ora

345 1880 448 1942 Aeolis
468 1879 581 1941 interea
601 1891 752 1941 tantorum
772 1879 874 1958 ignara
894 1881 1040 1940 malorum

304 1981 473 2040 dinumerat
494 1989 598 2039 noctes
608 2000 617 2052 ς
644 1989 674 2039 et
695 1977 763 2052 iam,
785 1997 861 2055 quas
881 1976 986 2039 induat
1006 1977 1064 2051 ille,

303 2077 424 2138 festinat
444 2089 549 2150 vestes,
572 2075 631 2137 iam
653 2096 736 2154 quas,
758 2075 810 2136 ubi
831 2076 944 2138 venerit
965 2075 1025 2150 ille,

304 2176 368 2255 ipsa
388 2187 477 2254 gerat,
500 2174 673 2253 reditusque
694 2174 751 2234 sibi
771 2173 917 2253 promittit
937 2173 1050 2236 inanes.

304 2275 446 2337 omnibus
466 2273 516 2334 illa
536 2273 660 2351 quidem
682 2272 795 2350 superis
816 2272 866 2351 pia
886 2283 951 2333 tura
971 2273 1084 2334 ferebat
1094 2296 1103 2348 3

302 2386 373 2434 ante
393 2385 495 2434 tamen
515 2383 641 2432 cunctos
662 2370 788 2432 Iunonis
809 2373 920 2449 templa
940 2371 1066 2444 colebat,

302 2491 418 2550 proque
438 2472 511 2545 viro,
533 2470 585 2548 qui
606 2472 705 2530 nullus
726 2480 797 2542 erat,
819 2469 958 2530 veniebat
977 2471 1017 2530 ad
1037 2467 1111 2544 aras,

303 2583 396 2649 utque
417 2572 492 2631 foret
513 2589 617 2646 sospes
637 2567 769 2628 coniunx
789 2588 860 2628 suus
881 2579 974 2646 utque
994 2571 1102 2630 rediret
1256 2584 1305 2644 580

303 2669 435 2746 optabat,
457 2669 631 2744 nullamque
652 2665 709 2725 sibi
730 2667 895 2744 praeferret
937 2677 968 2726 at
988 2665 1030 2726 illi

303 2769 362 2826 hoc
382 2768 422 2827 de
443 2777 488 2826 tot
508 2764 585 2824 votis
606 2776 721 2842 poterat
741 2765 914 2841 contingere
934 2767 1041 2826 solum.

343 2869 385 2926 At
405 2866 463 2924 dea
483 2884 546 2923 non
567 2865 642 2922 ultra
662 2884 717 2942 pro
738 2865 842 2923 functo
863 2875 959 2924 morte
978 2863 1074 2941 rogari

304 2962 430 3022 sustinet
440 2984 448 3036 3
476 2973 569 3040 utque
591 2981 697 3021 manus
718 2963 851 3021 funestas
870 2972 969 3021 arceat
989 2961 1056 3035 aris,

303 3061 372 3134 ⁴1ri,
394 3061 495 3122 meae’
517 3059 591 3121 dixit
612 3059 775 3120 ‘fidissima
796 3058 901 3119 nuntia
920 3059 1011 3132 vocis,

302 3160 365 3221 vise
386 3159 578 3236 soporiferam
600 3158 706 3219 Somni
726 3157 867 3219 velociter
887 3160 995 3230 aulam,

303 3256 500 3335 exstinctique
521 3255 592 3316 iube
613 3255 721 3333 Ceycis
741 3255 871 3334 imagine
893 3258 990 3316 mittat

303 3355 429 3418 Somnia
448 3357 488 3418 ad
509 3357 667 3432 Alcyonen
687 3375 773 3414 veros
793 3356 942 3414 narrantia
962 3357 1067 3416 casus’

301 3454 433 3515 dixerat:
461 3453 594 3514 induitur
614 3452 761 3514 velamina
782 3453 863 3514 mille
884 3455 1018 3514 colorum

303 3553 367 3626 Iris,
389 3565 420 3612 et
439 3563 561 3612 arcuato
581 3553 698 3612 caelum
718 3550 890 3612 curvamine
910 3551 1030 3629 signans

302 3663 381 3712 tecta
401 3649 475 3729 petit
494 3649 566 3710 iussi
587 3650 644 3709 sub
664 3649 746 3710 nube
766 3649 889 3710 latentia
908 3649 993 3728 regis.
