<?xml version="1.0" encoding="UTF-8"?>
<!DOCTYPE html PUBLIC "-//W3C//DTD XHTML 1.0 Transitional//EN"
    "http://www.w3.org/TR/xhtml1/DTD/xhtml1-transitional.dtd">
<html xmlns="http://www.w3.org/1999/xhtml" xml:lang="en" lang="en">
 <head>
  <title>
</title>
<meta http-equiv="Content-Type" content="text/html;charset=utf-8" />
  <meta name='ocr-system' content='tesseract 3.04.00' />
  <meta name='ocr-capabilities' content='ocr_page ocr_carea ocr_par ocr_line ocrx_word'/>
</head>
<body>
  <div class='ocr_page' id='page_1' title='image "./povidinasonisme00ovidgoog_0046.png"; bbox 0 0 2964 4366; ppageno 0'>
   <div class='ocr_carea' id='block_1_1' title="bbox 395 317 989 378">
    <p class='ocr_par' dir='ltr' id='par_1_1' title="bbox 395 317 989 378">
     <span class='ocr_line' id='line_1_1' title="bbox 395 317 989 378; baseline -0.002 -3"><span class='ocrx_word' id='word_1_1' title='bbox 395 317 817 378; x_wconf 87' lang='lat' dir='ltr'>METAMORPHOSEON</span> <span class='ocrx_word' id='word_1_2' title='bbox 841 319 921 377; x_wconf 93' lang='lat' dir='ltr'><strong>LIB.</strong></span> <span class='ocrx_word' id='word_1_3' title='bbox 943 317 989 375; x_wconf 93' lang='lat' dir='ltr'>XI</span> 
     </span>
    </p>
   </div>
   <div class='ocr_carea' id='block_1_2' title="bbox 189 480 1195 3822">
    <p class='ocr_par' dir='ltr' id='par_1_2' title="bbox 190 480 1195 2537">
     <span class='ocr_line' id='line_1_2' title="bbox 191 480 1059 556; baseline 0.001 -15"><span class='ocrx_word' id='word_1_4' title='bbox 191 480 234 541; x_wconf 91' lang='lat' dir='ltr'>sic</span> <span class='ocrx_word' id='word_1_5' title='bbox 254 483 293 542; x_wconf 92' lang='lat' dir='ltr'>ad</span> <span class='ocrx_word' id='word_1_6' title='bbox 316 502 373 554; x_wconf 91' lang='lat' dir='ltr'>me,</span> <span class='ocrx_word' id='word_1_7' title='bbox 396 480 572 556; x_wconf 87' lang='lat' dir='ltr'>miserande,</span> <span class='ocrx_word' id='word_1_8' title='bbox 595 482 715 544; x_wconf 85' lang='lat' dir='ltr'>redis?&#39;</span> <span class='ocrx_word' id='word_1_9' title='bbox 739 482 788 543; x_wconf 89' lang='lat' dir='ltr'>ait.</span> <span class='ocrx_word' id='word_1_10' title='bbox 832 481 949 544; x_wconf 87' lang='lat' dir='ltr'>adiacet</span> <span class='ocrx_word' id='word_1_11' title='bbox 970 481 1059 542; x_wconf 90' lang='lat' dir='ltr'>undis</span> 
     </span>
     <span class='ocr_line' id='line_1_3' title="bbox 190 580 971 661; baseline 0.005 -23"><span class='ocrx_word' id='word_1_12' title='bbox 190 581 268 641; x_wconf 90' lang='lat' dir='ltr'>sacta</span> <span class='ocrx_word' id='word_1_13' title='bbox 289 601 379 641; x_wconf 91' lang='lat' dir='ltr'>manu</span> <span class='ocrx_word' id='word_1_14' title='bbox 402 583 505 655; x_wconf 90' lang='lat' dir='ltr'>moles,</span> <span class='ocrx_word' id='word_1_15' title='bbox 528 603 605 660; x_wconf 90' lang='lat' dir='ltr'>quae</span> <span class='ocrx_word' id='word_1_16' title='bbox 626 580 735 661; x_wconf 91' lang='lat' dir='ltr'>primas</span> <span class='ocrx_word' id='word_1_17' title='bbox 756 580 894 660; x_wconf 86' lang='lat' dir='ltr'>aequoris</span> <span class='ocrx_word' id='word_1_18' title='bbox 915 581 971 642; x_wconf 90' lang='lat' dir='ltr'>iras</span> 
     </span>
     <span class='ocr_line' id='line_1_4' title="bbox 191 678 1195 761; baseline 0 -23"><span class='ocrx_word' id='word_1_19' title='bbox 191 678 297 758; x_wconf 84' lang='lat' dir='ltr'>frangit</span> <span class='ocrx_word' id='word_1_20' title='bbox 318 691 347 739; x_wconf 89' lang='lat' dir='ltr'>et</span> <span class='ocrx_word' id='word_1_21' title='bbox 369 679 504 741; x_wconf 91' lang='lat' dir='ltr'>incursus</span> <span class='ocrx_word' id='word_1_22' title='bbox 526 700 603 758; x_wconf 92' lang='lat' dir='ltr'>quae</span> <span class='ocrx_word' id='word_1_23' title='bbox 624 683 824 759; x_wconf 86' lang='lat' dir='ltr'>praedelassat</span> <span class='ocrx_word' id='word_1_24' title='bbox 844 702 997 761; x_wconf 84' lang='lat' dir='ltr'>aquarum.</span> <span class='ocrx_word' id='word_1_25' title='bbox 1148 700 1195 753; x_wconf 77' lang='lat'>730</span> 
     </span>
     <span class='ocr_line' id='line_1_5' title="bbox 190 776 1074 858; baseline 0 -20"><span class='ocrx_word' id='word_1_26' title='bbox 190 776 282 838; x_wconf 90' lang='lat' dir='ltr'>insilit</span> <span class='ocrx_word' id='word_1_27' title='bbox 303 779 371 838; x_wconf 91' lang='lat' dir='ltr'>huc.</span> <span class='ocrx_word' id='word_1_28' title='bbox 415 777 583 857; x_wconf 91' lang='lat' dir='ltr'>mirumque</span> <span class='ocrx_word' id='word_1_29' title='bbox 604 777 659 838; x_wconf 83' lang='lat' dir='ltr'>ruit</span> <span class='ocrx_word' id='word_1_30' title='bbox 680 779 835 858; x_wconf 85' lang='lat' dir='ltr'>potuisse?</span> <span class='ocrx_word' id='word_1_31' title='bbox 862 781 990 852; x_wconf 85' lang='lat' dir='ltr'>volabat,</span> <span class='ocrx_word' id='word_1_32' title='bbox 1070 815 1074 821; x_wconf 94' lang='lat'>·</span> 
     </span>
     <span class='ocr_line' id='line_1_6' title="bbox 190 874 974 958; baseline 0.003 -22"><span class='ocrx_word' id='word_1_33' title='bbox 190 874 420 955; x_wconf 87' lang='lat' dir='ltr'>percutiensque</span> <span class='ocrx_word' id='word_1_34' title='bbox 440 878 536 938; x_wconf 89' lang='lat' dir='ltr'>levem</span> <span class='ocrx_word' id='word_1_35' title='bbox 559 880 652 939; x_wconf 92' lang='lat' dir='ltr'>modo</span> <span class='ocrx_word' id='word_1_36' title='bbox 673 878 749 939; x_wconf 89' lang='lat' dir='ltr'>natis</span> <span class='ocrx_word' id='word_1_37' title='bbox 770 898 838 939; x_wconf 88' lang='lat' dir='ltr'>aera</span> <span class='ocrx_word' id='word_1_38' title='bbox 860 877 974 958; x_wconf 91' lang='lat' dir='ltr'>pennis,</span> 
     </span>
     <span class='ocr_line' id='line_1_7' title="bbox 191 974 911 1054; baseline 0.001 -19"><span class='ocrx_word' id='word_1_39' title='bbox 191 974 353 1054; x_wconf 87' lang='lat' dir='ltr'>stringebat</span> <span class='ocrx_word' id='word_1_40' title='bbox 374 995 506 1036; x_wconf 90' lang='lat' dir='ltr'>summas</span> <span class='ocrx_word' id='word_1_41' title='bbox 526 978 587 1036; x_wconf 92' lang='lat' dir='ltr'>ales</span> <span class='ocrx_word' id='word_1_42' title='bbox 610 975 784 1038; x_wconf 91' lang='lat' dir='ltr'>miserabilis</span> <span class='ocrx_word' id='word_1_43' title='bbox 806 979 911 1038; x_wconf 88' lang='lat' dir='ltr'>undas.</span> 
     </span>
     <span class='ocr_line' id='line_1_8' title="bbox 191 1074 1097 1155; baseline -0.002 -19"><span class='ocrx_word' id='word_1_44' title='bbox 191 1076 326 1152; x_wconf 90' lang='lat' dir='ltr'>dumque</span> <span class='ocrx_word' id='word_1_45' title='bbox 347 1075 434 1148; x_wconf 89' lang='lat' dir='ltr'>volat,</span> <span class='ocrx_word' id='word_1_46' title='bbox 458 1087 573 1136; x_wconf 92' lang='lat' dir='ltr'>maesto</span> <span class='ocrx_word' id='word_1_47' title='bbox 594 1074 722 1136; x_wconf 88' lang='lat' dir='ltr'>similem</span> <span class='ocrx_word' id='word_1_48' title='bbox 743 1078 928 1155; x_wconf 92' lang='lat' dir='ltr'>plenumque</span> <span class='ocrx_word' id='word_1_49' title='bbox 949 1077 1097 1152; x_wconf 72' lang='lat' dir='ltr'>querellae</span> 
     </span>
     <span class='ocr_line' id='line_1_9' title="bbox 191 1173 1194 1253; baseline 0.003 -20"><span class='ocrx_word' id='word_1_50' title='bbox 191 1193 242 1233; x_wconf 91' lang='lat' dir='ltr'>ora</span> <span class='ocrx_word' id='word_1_51' title='bbox 264 1174 375 1234; x_wconf 89' lang='lat' dir='ltr'>dedere</span> <span class='ocrx_word' id='word_1_52' title='bbox 396 1193 504 1234; x_wconf 92' lang='lat' dir='ltr'>sonum</span> <span class='ocrx_word' id='word_1_53' title='bbox 526 1173 609 1234; x_wconf 91' lang='lat' dir='ltr'>tenui</span> <span class='ocrx_word' id='word_1_54' title='bbox 631 1173 807 1253; x_wconf 84' lang='lat' dir='ltr'>crepitantia</span> <span class='ocrx_word' id='word_1_55' title='bbox 828 1185 930 1235; x_wconf 87' lang='lat' dir='ltr'>rostro.</span> <span class='ocrx_word' id='word_1_56' title='bbox 1147 1191 1194 1246; x_wconf 79' lang='lat'>735</span> 
     </span>
     <span class='ocr_line' id='line_1_10' title="bbox 191 1270 1011 1352; baseline 0.001 -21"><span class='ocrx_word' id='word_1_57' title='bbox 191 1283 224 1332; x_wconf 91' lang='lat' dir='ltr'>ut</span> <span class='ocrx_word' id='word_1_58' title='bbox 244 1292 315 1332; x_wconf 91' lang='lat' dir='ltr'>vero</span> <span class='ocrx_word' id='word_1_59' title='bbox 337 1270 432 1350; x_wconf 86' lang='lat' dir='ltr'>tetigit</span> <span class='ocrx_word' id='word_1_60' title='bbox 453 1283 569 1333; x_wconf 91' lang='lat' dir='ltr'>mutum</span> <span class='ocrx_word' id='word_1_61' title='bbox 592 1283 621 1333; x_wconf 88' lang='lat' dir='ltr'>et</span> <span class='ocrx_word' id='word_1_62' title='bbox 643 1272 707 1334; x_wconf 91' lang='lat' dir='ltr'>sine</span> <span class='ocrx_word' id='word_1_63' title='bbox 728 1272 873 1352; x_wconf 87' lang='lat' dir='ltr'>sanguine</span> <span class='ocrx_word' id='word_1_64' title='bbox 894 1293 1011 1352; x_wconf 92' lang='lat' dir='ltr'>corpus,</span> 
     </span>
     <span class='ocr_line' id='line_1_11' title="bbox 191 1370 840 1450; baseline 0.003 -19"><span class='ocrx_word' id='word_1_65' title='bbox 191 1370 317 1432; x_wconf 93' lang='lat' dir='ltr'>dilectos</span> <span class='ocrx_word' id='word_1_66' title='bbox 338 1381 418 1431; x_wconf 88' lang='lat' dir='ltr'>artus</span> <span class='ocrx_word' id='word_1_67' title='bbox 439 1372 575 1450; x_wconf 86' lang='lat' dir='ltr'>amplexa</span> <span class='ocrx_word' id='word_1_68' title='bbox 596 1371 766 1433; x_wconf 87' lang='lat' dir='ltr'>recentibus</span> <span class='ocrx_word' id='word_1_69' title='bbox 786 1371 840 1433; x_wconf 91' lang='lat' dir='ltr'>alis</span> 
     </span>
     <span class='ocr_line' id='line_1_12' title="bbox 190 1468 949 1549; baseline 0.003 -21"><span class='ocrx_word' id='word_1_70' title='bbox 190 1468 296 1548; x_wconf 84' lang='lat' dir='ltr'>frigida</span> <span class='ocrx_word' id='word_1_71' title='bbox 316 1468 500 1549; x_wconf 85' lang='lat' dir='ltr'>nequiquam</span> <span class='ocrx_word' id='word_1_72' title='bbox 521 1472 597 1531; x_wconf 90' lang='lat' dir='ltr'>duro</span> <span class='ocrx_word' id='word_1_73' title='bbox 618 1469 702 1532; x_wconf 89' lang='lat' dir='ltr'>dedit</span> <span class='ocrx_word' id='word_1_74' title='bbox 723 1473 825 1532; x_wconf 89' lang='lat' dir='ltr'>oscula</span> <span class='ocrx_word' id='word_1_75' title='bbox 847 1482 949 1532; x_wconf 88' lang='lat' dir='ltr'>rostro.</span> 
     </span>
     <span class='ocr_line' id='line_1_13' title="bbox 191 1566 968 1646; baseline 0.003 -18"><span class='ocrx_word' id='word_1_76' title='bbox 191 1566 315 1630; x_wconf 90' lang='lat' dir='ltr'>senserit</span> <span class='ocrx_word' id='word_1_77' title='bbox 336 1569 395 1629; x_wconf 91' lang='lat' dir='ltr'>hoc</span> <span class='ocrx_word' id='word_1_78' title='bbox 416 1570 498 1646; x_wconf 81' lang='lat' dir='ltr'>Ceyx</span> <span class='ocrx_word' id='word_1_79' title='bbox 518 1589 558 1629; x_wconf 88' lang='lat' dir='ltr'>an</span> <span class='ocrx_word' id='word_1_80' title='bbox 578 1571 693 1629; x_wconf 89' lang='lat' dir='ltr'>vultum</span> <span class='ocrx_word' id='word_1_81' title='bbox 716 1569 847 1631; x_wconf 89' lang='lat' dir='ltr'>motibus</span> <span class='ocrx_word' id='word_1_82' title='bbox 869 1571 968 1630; x_wconf 92' lang='lat' dir='ltr'>undae</span> 
     </span>
     <span class='ocr_line' id='line_1_14' title="bbox 191 1665 1195 1748; baseline 0.002 -21"><span class='ocrx_word' id='word_1_83' title='bbox 191 1669 294 1728; x_wconf 90' lang='lat' dir='ltr'>tollere</span> <span class='ocrx_word' id='word_1_84' title='bbox 315 1666 353 1728; x_wconf 93' lang='lat' dir='ltr'>sit</span> <span class='ocrx_word' id='word_1_85' title='bbox 373 1665 464 1742; x_wconf 83' lang='lat' dir='ltr'>visus,</span> <span class='ocrx_word' id='word_1_86' title='bbox 485 1670 614 1748; x_wconf 91' lang='lat' dir='ltr'>populus</span> <span class='ocrx_word' id='word_1_87' title='bbox 636 1668 793 1730; x_wconf 84' lang='lat' dir='ltr'>dubitabat</span> <span class='ocrx_word' id='word_1_88' title='bbox 804 1691 813 1745; x_wconf 78' lang='lat'>3</span> <span class='ocrx_word' id='word_1_89' title='bbox 841 1681 871 1731; x_wconf 88' lang='lat' dir='ltr'>at</span> <span class='ocrx_word' id='word_1_90' title='bbox 892 1669 940 1730; x_wconf 90' lang='lat' dir='ltr'>ille</span> <span class='ocrx_word' id='word_1_91' title='bbox 1147 1688 1195 1742; x_wconf 81' lang='lat'>740</span> 
     </span>
     <span class='ocr_line' id='line_1_15' title="bbox 191 1765 1045 1846; baseline 0 -20"><span class='ocrx_word' id='word_1_92' title='bbox 191 1778 331 1827; x_wconf 88' lang='lat' dir='ltr'>senserat.</span> <span class='ocrx_word' id='word_1_93' title='bbox 374 1777 403 1827; x_wconf 92' lang='lat' dir='ltr'>et</span> <span class='ocrx_word' id='word_1_94' title='bbox 425 1767 555 1840; x_wconf 90' lang='lat' dir='ltr'>tandem,</span> <span class='ocrx_word' id='word_1_95' title='bbox 579 1765 692 1846; x_wconf 90' lang='lat' dir='ltr'>superis</span> <span class='ocrx_word' id='word_1_96' title='bbox 714 1767 931 1841; x_wconf 90' lang='lat' dir='ltr'>miserantibus,</span> <span class='ocrx_word' id='word_1_97' title='bbox 954 1766 1045 1826; x_wconf 92' lang='lat' dir='ltr'>ambo</span> 
     </span>
     <span class='ocr_line' id='line_1_16' title="bbox 190 1864 836 1926; baseline -0.002 0"><span class='ocrx_word' id='word_1_98' title='bbox 190 1865 260 1926; x_wconf 83' lang='lat' dir='ltr'>alite</span> <span class='ocrx_word' id='word_1_99' title='bbox 281 1876 440 1926; x_wconf 84' lang='lat' dir='ltr'>mutantur.</span> <span class='ocrx_word' id='word_1_100' title='bbox 484 1864 550 1925; x_wconf 91' lang='lat' dir='ltr'>fatis</span> <span class='ocrx_word' id='word_1_101' title='bbox 572 1864 719 1926; x_wconf 86' lang='lat' dir='ltr'>obnoxius</span> <span class='ocrx_word' id='word_1_102' title='bbox 739 1864 836 1926; x_wconf 90' lang='lat' dir='ltr'>isdem</span> 
     </span>
     <span class='ocr_line' id='line_1_17' title="bbox 190 1963 1069 2043; baseline -0.001 -18"><span class='ocrx_word' id='word_1_103' title='bbox 190 1978 262 2025; x_wconf 91' lang='lat' dir='ltr'>tunc</span> <span class='ocrx_word' id='word_1_104' title='bbox 285 1985 405 2043; x_wconf 90' lang='lat' dir='ltr'>quoque</span> <span class='ocrx_word' id='word_1_105' title='bbox 427 1963 536 2025; x_wconf 89' lang='lat' dir='ltr'>mansit</span> <span class='ocrx_word' id='word_1_106' title='bbox 557 1985 648 2038; x_wconf 88' lang='lat' dir='ltr'>amor,</span> <span class='ocrx_word' id='word_1_107' title='bbox 672 1985 728 2024; x_wconf 92' lang='lat' dir='ltr'>nec</span> <span class='ocrx_word' id='word_1_108' title='bbox 750 1963 917 2043; x_wconf 86' lang='lat' dir='ltr'>coniugiale</span> <span class='ocrx_word' id='word_1_109' title='bbox 938 1965 1069 2024; x_wconf 89' lang='lat' dir='ltr'>solutum</span> 
     </span>
     <span class='ocr_line' id='line_1_18' title="bbox 190 2061 976 2142; baseline -0.003 -18"><span class='ocrx_word' id='word_1_110' title='bbox 190 2065 297 2124; x_wconf 79' lang='lat' dir='ltr'>foedus</span> <span class='ocrx_word' id='word_1_111' title='bbox 318 2062 349 2123; x_wconf 90' lang='lat' dir='ltr'>iu</span> <span class='ocrx_word' id='word_1_112' title='bbox 370 2061 498 2124; x_wconf 78' lang='lat' dir='ltr'>alitibus,</span> <span class='ocrx_word' id='word_1_113' title='bbox 542 2075 653 2124; x_wconf 91' lang='lat' dir='ltr'>coeunt</span> <span class='ocrx_word' id='word_1_114' title='bbox 674 2065 810 2141; x_wconf 87' lang='lat' dir='ltr'>fiuntque</span> <span class='ocrx_word' id='word_1_115' title='bbox 831 2075 976 2142; x_wconf 84' lang='lat' dir='ltr'>parentes.</span> 
     </span>
     <span class='ocr_line' id='line_1_19' title="bbox 191 2160 1193 2241; baseline 0.001 -19"><span class='ocrx_word' id='word_1_116' title='bbox 191 2182 303 2240; x_wconf 88' lang='lat' dir='ltr'>perque</span> <span class='ocrx_word' id='word_1_117' title='bbox 324 2161 392 2222; x_wconf 91' lang='lat' dir='ltr'>dies</span> <span class='ocrx_word' id='word_1_118' title='bbox 409 2160 544 2240; x_wconf 90' lang='lat' dir='ltr'>placidos</span> <span class='ocrx_word' id='word_1_119' title='bbox 567 2161 693 2222; x_wconf 92' lang='lat' dir='ltr'>hiberno</span> <span class='ocrx_word' id='word_1_120' title='bbox 714 2173 848 2240; x_wconf 92' lang='lat' dir='ltr'>tempore</span> <span class='ocrx_word' id='word_1_121' title='bbox 870 2173 984 2241; x_wconf 91' lang='lat' dir='ltr'>septem</span> <span class='ocrx_word' id='word_1_122' title='bbox 1147 2181 1193 2237; x_wconf 82' lang='lat'>745</span> 
     </span>
     <span class='ocr_line' id='line_1_20' title="bbox 190 2260 953 2339; baseline -0.001 -18"><span class='ocrx_word' id='word_1_123' title='bbox 190 2261 313 2323; x_wconf 89' lang='lat' dir='ltr'>incubat</span> <span class='ocrx_word' id='word_1_124' title='bbox 334 2262 470 2338; x_wconf 90' lang='lat' dir='ltr'>Alcyone</span> <span class='ocrx_word' id='word_1_125' title='bbox 491 2260 694 2339; x_wconf 90' lang='lat' dir='ltr'>pendentibus</span> <span class='ocrx_word' id='word_1_126' title='bbox 715 2281 846 2339; x_wconf 89' lang='lat' dir='ltr'>aequore</span> <span class='ocrx_word' id='word_1_127' title='bbox 866 2260 953 2322; x_wconf 80' lang='lat' dir='ltr'>nidis,</span> 
     </span>
     <span class='ocr_line' id='line_1_21' title="bbox 191 2358 1029 2434; baseline -0.002 -14"><span class='ocrx_word' id='word_1_128' title='bbox 191 2372 263 2421; x_wconf 94' lang='lat' dir='ltr'>tunc</span> <span class='ocrx_word' id='word_1_129' title='bbox 284 2359 360 2421; x_wconf 90' lang='lat' dir='ltr'>iacet</span> <span class='ocrx_word' id='word_1_130' title='bbox 381 2361 464 2420; x_wconf 89' lang='lat' dir='ltr'>unda</span> <span class='ocrx_word' id='word_1_131' title='bbox 485 2358 573 2419; x_wconf 84' lang='lat' dir='ltr'>maris</span> <span class='ocrx_word' id='word_1_132' title='bbox 584 2381 592 2434; x_wconf 79' lang='lat'>3</span> <span class='ocrx_word' id='word_1_133' title='bbox 620 2371 725 2420; x_wconf 92' lang='lat' dir='ltr'>ventos</span> <span class='ocrx_word' id='word_1_134' title='bbox 746 2359 877 2422; x_wconf 87' lang='lat' dir='ltr'>custodit</span> <span class='ocrx_word' id='word_1_135' title='bbox 898 2371 928 2421; x_wconf 91' lang='lat' dir='ltr'>et</span> <span class='ocrx_word' id='word_1_136' title='bbox 949 2370 1029 2420; x_wconf 88' lang='lat' dir='ltr'>arcet</span> 
     </span>
     <span class='ocr_line' id='line_1_22' title="bbox 190 2458 985 2537; baseline 0 -19"><span class='ocrx_word' id='word_1_137' title='bbox 190 2460 304 2520; x_wconf 90' lang='lat' dir='ltr'>Aeolus</span> <span class='ocrx_word' id='word_1_138' title='bbox 325 2479 453 2536; x_wconf 85' lang='lat' dir='ltr'>egressu,</span> <span class='ocrx_word' id='word_1_139' title='bbox 475 2469 664 2537; x_wconf 87' lang='lat' dir='ltr'>praestatque</span> <span class='ocrx_word' id='word_1_140' title='bbox 685 2458 845 2537; x_wconf 86' lang='lat' dir='ltr'>nepotibus</span> <span class='ocrx_word' id='word_1_141' title='bbox 866 2479 985 2537; x_wconf 92' lang='lat' dir='ltr'>aequor.</span> 
     </span>
    </p>

    <p class='ocr_par' dir='ltr' id='par_1_3' title="bbox 189 2545 1195 3822">
     <span class='ocr_line' id='line_1_23' title="bbox 231 2545 1026 2635; baseline 0.001 -18"><span class='ocrx_word' id='word_1_142' title='bbox 231 2560 299 2617; x_wconf 92' lang='lat' dir='ltr'>Hos</span> <span class='ocrx_word' id='word_1_143' title='bbox 320 2556 428 2635; x_wconf 88' lang='lat' dir='ltr'>aliquis</span> <span class='ocrx_word' id='word_1_144' title='bbox 450 2555 549 2618; x_wconf 90' lang='lat' dir='ltr'>senior</span> <span class='ocrx_word' id='word_1_145' title='bbox 569 2556 694 2617; x_wconf 90' lang='lat' dir='ltr'>iunctim</span> <span class='ocrx_word' id='word_1_146' title='bbox 717 2559 790 2618; x_wconf 84' lang='lat' dir='ltr'>freta</span> <span class='ocrx_word' id='word_1_147' title='bbox 811 2559 870 2618; x_wconf 89' lang='lat' dir='ltr'>lata</span> <span class='ocrx_word' id='word_1_148' title='bbox 891 2545 1026 2619; x_wconf 67' lang='lat' dir='ltr'>solantes</span> 
     </span>
     <span class='ocr_line' id='line_1_24' title="bbox 189 2656 1195 2735; baseline -0.003 -17"><span class='ocrx_word' id='word_1_149' title='bbox 189 2667 312 2735; x_wconf 87' lang='lat' dir='ltr'>spectat,</span> <span class='ocrx_word' id='word_1_150' title='bbox 336 2667 365 2718; x_wconf 89' lang='lat' dir='ltr'>et</span> <span class='ocrx_word' id='word_1_151' title='bbox 386 2656 425 2717; x_wconf 91' lang='lat' dir='ltr'>ad</span> <span class='ocrx_word' id='word_1_152' title='bbox 447 2658 538 2716; x_wconf 89' lang='lat' dir='ltr'>finem</span> <span class='ocrx_word' id='word_1_153' title='bbox 560 2667 691 2718; x_wconf 88' lang='lat' dir='ltr'>servatos</span> <span class='ocrx_word' id='word_1_154' title='bbox 712 2657 814 2717; x_wconf 90' lang='lat' dir='ltr'>laudat</span> <span class='ocrx_word' id='word_1_155' title='bbox 835 2676 959 2717; x_wconf 82' lang='lat' dir='ltr'>amores</span> <span class='ocrx_word' id='word_1_156' title='bbox 1146 2674 1195 2729; x_wconf 81' lang='lat'>750</span> 
     </span>
     <span class='ocr_line' id='line_1_25' title="bbox 189 2753 1104 2835; baseline -0.002 -19"><span class='ocrx_word' id='word_1_157' title='bbox 189 2755 349 2835; x_wconf 65' lang='lat' dir='ltr'>proximus</span> <span class='ocrx_word' id='word_1_158' title='bbox 371 2765 424 2815; x_wconf 90' lang='lat' dir='ltr'>aut</span> <span class='ocrx_word' id='word_1_159' title='bbox 444 2753 533 2828; x_wconf 87' lang='lat' dir='ltr'>idern,</span> <span class='ocrx_word' id='word_1_160' title='bbox 557 2755 581 2814; x_wconf 93' lang='lat' dir='ltr'>si</span> <span class='ocrx_word' id='word_1_161' title='bbox 602 2757 662 2815; x_wconf 85' lang='lat' dir='ltr'>fors</span> <span class='ocrx_word' id='word_1_162' title='bbox 684 2755 759 2829; x_wconf 90' lang='lat' dir='ltr'>tulit,</span> <span class='ocrx_word' id='word_1_163' title='bbox 784 2754 849 2815; x_wconf 88' lang='lat' dir='ltr'>‘hie</span> <span class='ocrx_word' id='word_1_164' title='bbox 870 2757 1010 2834; x_wconf 86' lang='lat' dir='ltr'>quoque,&#39;</span> <span class='ocrx_word' id='word_1_165' title='bbox 1032 2753 1104 2817; x_wconf 84' lang='lat' dir='ltr'>dixit</span> 
     </span>
     <span class='ocr_line' id='line_1_26' title="bbox 191 2854 1111 2933; baseline -0.002 -18"><span class='ocrx_word' id='word_1_166' title='bbox 191 2861 298 2933; x_wconf 86' lang='lat' dir='ltr'>‘quem</span> <span class='ocrx_word' id='word_1_167' title='bbox 321 2874 402 2914; x_wconf 90' lang='lat' dir='ltr'>mare</span> <span class='ocrx_word' id='word_1_168' title='bbox 423 2864 594 2933; x_wconf 89' lang='lat' dir='ltr'>carpentem</span> <span class='ocrx_word' id='word_1_169' title='bbox 617 2854 835 2932; x_wconf 91' lang='lat' dir='ltr'>substrictaque</span> <span class='ocrx_word' id='word_1_170' title='bbox 855 2875 939 2915; x_wconf 88' lang='lat' dir='ltr'>crura</span> <span class='ocrx_word' id='word_1_171' title='bbox 958 2865 1111 2933; x_wconf 87' lang='lat' dir='ltr'>gerentem</span> 
     </span>
     <span class='ocr_line' id='line_1_27' title="bbox 189 2951 1084 3034; baseline 0 -20"><span class='ocrx_word' id='word_1_172' title='bbox 189 2952 335 3032; x_wconf 90' lang='lat' dir='ltr'>adspicis’</span> <span class='ocrx_word' id='word_1_173' title='bbox 356 2952 530 3033; x_wconf 83' lang='lat' dir='ltr'>(ostendens</span> <span class='ocrx_word' id='word_1_174' title='bbox 552 2951 715 3031; x_wconf 90' lang='lat' dir='ltr'>spatiosum</span> <span class='ocrx_word' id='word_1_175' title='bbox 737 2952 768 3012; x_wconf 91' lang='lat' dir='ltr'>in</span> <span class='ocrx_word' id='word_1_176' title='bbox 789 2964 908 3031; x_wconf 85' lang='lat' dir='ltr'>guttura</span> <span class='ocrx_word' id='word_1_177' title='bbox 929 2953 1084 3034; x_wconf 85' lang='lat' dir='ltr'>mergum),</span> 
     </span>
     <span class='ocr_line' id='line_1_28' title="bbox 193 3049 1022 3131; baseline 0.001 -19"><span class='ocrx_word' id='word_1_178' title='bbox 193 3052 288 3131; x_wconf 88' lang='lat' dir='ltr'>‘regia</span> <span class='ocrx_word' id='word_1_179' title='bbox 308 3050 472 3131; x_wconf 86' lang='lat' dir='ltr'>progenies.</span> <span class='ocrx_word' id='word_1_180' title='bbox 516 3062 593 3125; x_wconf 90' lang='lat' dir='ltr'>sunt,</span> <span class='ocrx_word' id='word_1_181' title='bbox 617 3049 641 3113; x_wconf 93' lang='lat' dir='ltr'>si</span> <span class='ocrx_word' id='word_1_182' title='bbox 662 3053 844 3114; x_wconf 89' lang='lat' dir='ltr'>descendere</span> <span class='ocrx_word' id='word_1_183' title='bbox 865 3054 904 3113; x_wconf 89' lang='lat' dir='ltr'>ad</span> <span class='ocrx_word' id='word_1_184' title='bbox 925 3051 1022 3131; x_wconf 93' lang='lat' dir='ltr'>ipsum</span> 
     </span>
     <span class='ocr_line' id='line_1_29' title="bbox 190 3150 1193 3230; baseline 0 -18"><span class='ocrx_word' id='word_1_185' title='bbox 190 3151 296 3212; x_wconf 91' lang='lat' dir='ltr'>ordine</span> <span class='ocrx_word' id='word_1_186' title='bbox 316 3162 461 3230; x_wconf 89' lang='lat' dir='ltr'>perpetuo</span> <span class='ocrx_word' id='word_1_187' title='bbox 482 3151 608 3228; x_wconf 87' lang='lat' dir='ltr'>quaeris,</span> <span class='ocrx_word' id='word_1_188' title='bbox 630 3163 700 3212; x_wconf 92' lang='lat' dir='ltr'>sunt</span> <span class='ocrx_word' id='word_1_189' title='bbox 720 3151 809 3213; x_wconf 91' lang='lat' dir='ltr'>huius</span> <span class='ocrx_word' id='word_1_190' title='bbox 830 3150 913 3230; x_wconf 88' lang='lat' dir='ltr'>origo</span> <span class='ocrx_word' id='word_1_191' title='bbox 1145 3173 1193 3227; x_wconf 85' lang='lat'>755</span> 
     </span>
     <span class='ocr_line' id='line_1_30' title="bbox 191 3249 970 3329; baseline -0.001 -18"><span class='ocrx_word' id='word_1_192' title='bbox 191 3252 254 3311; x_wconf 91' lang='lat' dir='ltr'>Ilus</span> <span class='ocrx_word' id='word_1_193' title='bbox 275 3261 306 3311; x_wconf 88' lang='lat' dir='ltr'>et</span> <span class='ocrx_word' id='word_1_194' title='bbox 327 3253 488 3310; x_wconf 89' lang='lat' dir='ltr'>Assaracus</span> <span class='ocrx_word' id='word_1_195' title='bbox 509 3262 670 3329; x_wconf 91' lang='lat' dir='ltr'>raptusque</span> <span class='ocrx_word' id='word_1_196' title='bbox 693 3249 758 3310; x_wconf 90' lang='lat' dir='ltr'>Iovi</span> <span class='ocrx_word' id='word_1_197' title='bbox 779 3252 970 3328; x_wconf 91' lang='lat' dir='ltr'>Ganymedes</span> 
     </span>
     <span class='ocr_line' id='line_1_31' title="bbox 191 3347 1068 3427; baseline -0.001 -18"><span class='ocrx_word' id='word_1_198' title='bbox 191 3351 429 3427; x_wconf 91' lang='lat' dir='ltr'>Laomedonque</span> <span class='ocrx_word' id='word_1_199' title='bbox 450 3369 540 3409; x_wconf 89' lang='lat' dir='ltr'>senex</span> <span class='ocrx_word' id='word_1_200' title='bbox 562 3348 757 3426; x_wconf 88' lang='lat' dir='ltr'>Priamusque</span> <span class='ocrx_word' id='word_1_201' title='bbox 778 3347 940 3409; x_wconf 90' lang='lat' dir='ltr'>novissima</span> <span class='ocrx_word' id='word_1_202' title='bbox 960 3347 1068 3410; x_wconf 86' lang='lat' dir='ltr'>Troiae</span> 
     </span>
     <span class='ocr_line' id='line_1_32' title="bbox 191 3445 925 3526; baseline 0.001 -19"><span class='ocrx_word' id='word_1_203' title='bbox 191 3460 325 3526; x_wconf 89' lang='lat' dir='ltr'>tempora</span> <span class='ocrx_word' id='word_1_204' title='bbox 347 3447 466 3507; x_wconf 92' lang='lat' dir='ltr'>sortitus</span> <span class='ocrx_word' id='word_1_205' title='bbox 477 3469 485 3521; x_wconf 88' lang='lat'>;</span> <span class='ocrx_word' id='word_1_206' title='bbox 513 3449 600 3508; x_wconf 86' lang='lat' dir='ltr'>frater</span> <span class='ocrx_word' id='word_1_207' title='bbox 621 3445 676 3506; x_wconf 89' lang='lat' dir='ltr'>suit</span> <span class='ocrx_word' id='word_1_208' title='bbox 699 3445 840 3508; x_wconf 90' lang='lat' dir='ltr'>Hectoris</span> <span class='ocrx_word' id='word_1_209' title='bbox 861 3446 925 3508; x_wconf 89' lang='lat' dir='ltr'>iste.</span> 
     </span>
     <span class='ocr_line' id='line_1_33' title="bbox 190 3545 927 3625; baseline -0.001 -19"><span class='ocrx_word' id='word_1_210' title='bbox 190 3545 242 3624; x_wconf 92' lang='lat' dir='ltr'>qui</span> <span class='ocrx_word' id='word_1_211' title='bbox 265 3545 321 3605; x_wconf 90' lang='lat' dir='ltr'>nisi</span> <span class='ocrx_word' id='word_1_212' title='bbox 343 3545 483 3606; x_wconf 91' lang='lat' dir='ltr'>sensisset</span> <span class='ocrx_word' id='word_1_213' title='bbox 503 3545 599 3625; x_wconf 86' lang='lat' dir='ltr'>prima</span> <span class='ocrx_word' id='word_1_214' title='bbox 620 3566 698 3606; x_wconf 88' lang='lat' dir='ltr'>nova</span> <span class='ocrx_word' id='word_1_215' title='bbox 719 3547 779 3606; x_wconf 85' lang='lat' dir='ltr'>lata</span> <span class='ocrx_word' id='word_1_216' title='bbox 800 3545 927 3618; x_wconf 89' lang='lat' dir='ltr'>iuventa,</span> 
     </span>
     <span class='ocr_line' id='line_1_34' title="bbox 190 3643 1194 3718; baseline 0 -14"><span class='ocrx_word' id='word_1_217' title='bbox 190 3644 312 3706; x_wconf 89' lang='lat' dir='ltr'>forsitan</span> <span class='ocrx_word' id='word_1_218' title='bbox 334 3643 455 3705; x_wconf 88' lang='lat' dir='ltr'>inferius</span> <span class='ocrx_word' id='word_1_219' title='bbox 478 3665 538 3705; x_wconf 94' lang='lat' dir='ltr'>non</span> <span class='ocrx_word' id='word_1_220' title='bbox 561 3648 696 3706; x_wconf 88' lang='lat' dir='ltr'>Hectore</span> <span class='ocrx_word' id='word_1_221' title='bbox 717 3665 827 3705; x_wconf 91' lang='lat' dir='ltr'>nomen</span> <span class='ocrx_word' id='word_1_222' title='bbox 850 3645 981 3718; x_wconf 88' lang='lat' dir='ltr'>haberet,</span> <span class='ocrx_word' id='word_1_223' title='bbox 1146 3658 1194 3718; x_wconf 74' lang='lat'>700</span> 
     </span>
     <span class='ocr_line' id='line_1_35' title="bbox 191 3742 915 3822; baseline -0.001 -17"><span class='ocrx_word' id='word_1_224' title='bbox 191 3742 327 3822; x_wconf 89' lang='lat' dir='ltr'>quamvis</span> <span class='ocrx_word' id='word_1_225' title='bbox 348 3755 393 3804; x_wconf 89' lang='lat' dir='ltr'>est</span> <span class='ocrx_word' id='word_1_226' title='bbox 414 3743 497 3804; x_wconf 93' lang='lat' dir='ltr'>illum</span> <span class='ocrx_word' id='word_1_227' title='bbox 519 3746 617 3821; x_wconf 91' lang='lat' dir='ltr'>proles</span> <span class='ocrx_word' id='word_1_228' title='bbox 639 3743 726 3805; x_wconf 81' lang='lat' dir='ltr'>enixa</span> <span class='ocrx_word' id='word_1_229' title='bbox 749 3743 915 3822; x_wconf 66' lang='lat' dir='ltr'>Dymantis</span> 
     </span>
    </p>
   </div>
   <div class='ocr_carea' id='block_1_3' title="bbox 0 0 1486 4366">
    <p class='ocr_par' dir='ltr' id='par_1_4' title="bbox 0 0 1486 4366">
     <span class='ocr_line' id='line_1_36' title="bbox 0 0 1486 4366; baseline 0 0"><span class='ocrx_word' id='word_1_230' title='bbox 0 0 1486 4366; x_wconf 95' lang='lat' dir='ltr'> </span> 
     </span>
    </p>
   </div>
  </div>
 </body>
</html>
