2964 4366
395 285 816 376 METAMORPHOSEON
842 315 921 375 cna
943 315 989 374 m

191 483 349 544 miscuerat
370 484 450 562 puris
471 493 623 565 auctorem
645 481 775 542 muneris
797 482 904 542 undis:

192 583 278 643 fusile
299 602 351 661 per
372 585 461 642 rictus
482 580 587 643 aurum
610 581 723 641 fluitare
744 581 878 651 videres„

190 682 334 742 attonitus
357 683 487 741 novitate
509 682 578 740 mali
600 680 743 758 divesque
765 679 913 756 miserque

191 782 320 856 effugere
341 789 425 857 optat
446 797 519 856 opes
540 789 570 838 et
592 797 669 856 quae
691 779 783 838 modo
804 788 924 837 voverat
945 776 1017 837 odit.

191 879 278 956 copia
299 879 380 937 nulla
401 877 511 938 samem
533 879 642 938 relevat
654 899 662 952 3
692 876 754 937 sitis
776 876 857 937 arida
878 886 978 953 guttur

191 977 257 1050 urit,
280 987 310 1036 et
331 975 427 1036 inviso
448 975 570 1036 meritus
591 987 745 1053 torquetur
765 975 803 1035 ab
824 994 907 1035 auro.

191 1076 230 1135 ad
252 1076 429 1152 caelumque
450 1093 556 1134 manus
577 1084 608 1134 et
629 1073 786 1152 splendida
808 1071 947 1132 bracchia
968 1073 1076 1133 tollens

193 1174 249 1233 ‘da
270 1174 396 1247 veniam,
421 1175 540 1233 Lenaee
562 1184 665 1250 pater;
693 1173 900 1250 peccavimus,'
924 1169 1021 1248 inquit

193 1272 265 1333 ‘sed
285 1270 432 1346 miserere,
455 1289 567 1349 precor,
590 1270 787 1350 speciosoque
808 1272 888 1350 eripe
909 1271 1040 1331 damno!

192 1369 264 1429 mite
285 1372 377 1431 derum
399 1388 532 1428 numen:
561 1369 698 1428 Bacchus
720 1387 859 1447 peccasse
881 1369 1023 1428 fatentem

192 1467 326 1542 restituit,
349 1467 489 1546 pactique
510 1467 600 1528 fidem
623 1467 693 1527 data
715 1485 838 1527 munera
860 1467 956 1527 solvit.

194 1572 288 1628 ‘neve
310 1567 387 1627 male
408 1576 511 1642 optato
533 1583 655 1626 maneas
676 1564 859 1648 circumlitus
880 1584 961 1636 auru,

192 1666 285 1726 vade’
307 1665 347 1727 ait
371 1664 426 1724 ‘ad
448 1662 562 1741 magnis
584 1662 716 1723 vicinum
738 1662 880 1725 Sardibus
901 1681 1030 1735 amnem,

191 1783 304 1842 perque
324 1763 427 1840 iugum
449 1761 559 1822 montis
580 1761 749 1822 labentibus
771 1760 877 1821 obvius
899 1757 988 1820 undis

191 1881 280 1940 carpe
301 1861 387 1934 viam,
410 1861 509 1921 donec
530 1860 631 1921 venias
652 1861 691 1922 ad
712 1859 844 1920 fluminis
866 1869 965 1934 ortus3

192 1959 422 2038 spumigeroque
443 1970 528 2019 tuum
549 1959 636 2034 sonti,
657 1979 717 2038 qua
737 1958 881 2036 plurimus
903 1957 970 2031 exit,
1148 1983 1196 2034 140

191 2060 288 2119 subde
309 2068 399 2137 caput
420 2076 588 2136 corpusque
609 2056 706 2131 simul,
729 2057 817 2116 simul
838 2058 905 2116 elue
926 2056 1057 2116 crimen!

191 2178 241 2218 rex
262 2157 360 2217 iussae
380 2155 514 2217 succedit
534 2176 641 2234 aquae.
682 2155 725 2216 vis
747 2175 835 2216 aurea
856 2154 942 2215 tinxit

192 2258 313 2329 flumen,
336 2265 366 2315 et
387 2255 521 2314 humano
543 2254 582 2315 de
604 2273 729 2332 corpore
750 2253 839 2314 cessit
860 2252 891 2312 in
912 2272 1041 2313 anmem.

192 2374 273 2415 nunc
294 2372 416 2432 quoque
437 2353 497 2414 iam
519 2352 625 2414 veteris
647 2363 788 2433 percepto
809 2351 923 2412 semine
944 2371 1038 2412 venae

191 2473 261 2513 arva
281 2453 376 2531 rigent
397 2472 469 2512 auro
491 2451 620 2513 madidis
642 2451 782 2530 pallentia
803 2449 923 2528 glaebis.

234 2552 290 2611 Ille
311 2569 434 2630 perosus
456 2557 529 2629 opes
551 2549 638 2611 silvas
660 2561 689 2610 et
711 2569 777 2610 rura
798 2549 925 2621 colebat,

193 2653 336 2728 Panaque
358 2648 509 2710 montanis
530 2648 716 2709 habitantem
738 2666 857 2724 semper
877 2646 908 2706 in
929 2645 1029 2706 antris.

193 2749 303 2828 pingue
325 2749 379 2809 sed
400 2747 553 2832 ingenium
575 2746 692 2822 mansit,
716 2745 920 2824 nocituraque,
944 2756 977 2804 ut
997 2756 1075 2819 ante,

193 2867 291 2910 rursus
312 2858 397 2908 erant
417 2845 543 2908 domino
565 2845 692 2908 stolidae
713 2844 886 2924 praecordia
908 2843 1024 2904 mentis.

193 2966 262 3007 nam
283 2948 358 3007 freta
378 2943 562 3024 prospiciens
583 2946 642 3004 late
663 2943 736 3021 riget
758 2944 867 3004 arduus
888 2944 949 3002 alto

193 3046 319 3104 Tmolus
340 3042 371 3103 in
392 3043 550 3117 adscensu,
571 3041 709 3120 clivoque
730 3053 868 3102 extensus
890 3052 1017 3117 utroque

194 3141 335 3204 Sardibus
356 3141 435 3216 hinc,
459 3140 540 3201 illinc
561 3139 658 3219 parvis
680 3139 779 3200 finitur
801 3138 964 3218 Hypaepis.

194 3244 256 3301 Pan
277 3240 320 3301 ibi
341 3241 414 3301 dum
437 3239 545 3301 teneris
567 3238 657 3299 iactat
678 3257 731 3299 sua
752 3237 877 3298 crimina
899 3235 1046 3314 Nymphis

193 3351 222 3400 et
243 3342 308 3400 leve
329 3350 428 3400 cerata
449 3339 620 3400 modulatur
640 3337 808 3398 harundine
829 3356 956 3410 carmen,

193 3459 282 3499 ausus
303 3437 480 3518 Apollineos
501 3457 572 3515 prae
593 3455 626 3498 se
647 3448 840 3498 contemnere
861 3445 976 3507 cantus,

194 3537 292 3598 iudice
314 3536 370 3597 sub
391 3538 502 3597 Tmolo
523 3529 674 3596 certamen
696 3533 777 3596 venit
798 3535 837 3596 ad
858 3533 961 3610 impar.

194 3646 297 3696 monte
317 3654 373 3697 suo
394 3633 493 3695 senior
514 3633 603 3695 iudex
624 3631 762 3694 consedit
783 3642 812 3693 et
833 3650 919 3692 aures

193 3732 298 3795 liberat
319 3731 475 3794 arboribus
486 3755 495 3808 3
524 3739 636 3810 quercu
657 3751 745 3793 coma
766 3731 884 3792 caerula
904 3739 1020 3790 tantum
