2964 4366
610 253 643 312 P.
666 251 791 312 OVIDI
815 249 996 312 NASONIS

302 419 377 478 ‘hoc
398 428 467 492 erat,
489 419 555 492 hoc,
578 416 680 478 animo
702 420 784 496 quod
806 417 959 479 divinante
980 417 1134 490 timebam,

300 527 330 577 et
351 535 397 590 ne,
420 536 468 578 me
490 516 616 596 fugiens,
637 527 741 578 ventos
762 536 926 595 sequerere,
949 517 1099 595 rogabam.
1256 527 1308 594 ⁶95

299 627 329 676 at
351 627 430 676 certe
451 617 566 689 vellem,
589 615 731 693 quoniam
753 617 898 694 periturus
919 615 1032 689 abibas,

301 733 349 776 me
371 732 492 794 quoque
513 714 655 776 duxisses.
699 715 826 774 multum
849 714 903 775 luit
924 713 996 774 utile
1017 725 1117 774 tecum

301 811 343 873 ire
365 812 437 874 mihi
449 834 458 888 3
486 832 584 890 neque
606 811 685 874 enim
708 815 746 874 de
768 813 845 873 vitae
866 824 1001 891 tempore
1022 812 1184 891 quicquam

301 931 364 974 non
385 911 473 972 sinrul
494 911 631 990 egissem,
652 931 708 972 nec
730 931 809 972 mors
830 910 958 972 discreta
978 911 1090 972 fuisset.

301 1029 382 1072 nunc
403 1009 511 1072 absens
532 1009 614 1090 perii,
637 1009 730 1072 iactor
750 1029 871 1088 quoque
893 1009 1033 1071 fluctibus
1054 1011 1171 1084 absens,
1259 1031 1309 1086 700

301 1121 331 1171 et
352 1107 416 1170 sine
438 1127 486 1170 me
508 1128 556 1170 me
576 1119 687 1188 pontus
708 1107 809 1169 habet.
833 1108 998 1176 ‚crudelior
1019 1110 1084 1186 ipso

302 1207 339 1269 sit
362 1207 434 1269 nrihi
456 1227 540 1270 mens
561 1209 676 1287 pelago,
699 1207 724 1268 si
745 1206 834 1268 vitam
857 1209 967 1268 ducere
988 1207 1066 1268 nitar

302 1305 427 1384 longius,
450 1317 479 1367 et
500 1317 584 1367 tanto
605 1325 735 1385 pugnem
757 1325 911 1384 superesse
932 1307 1038 1367 dolori.

302 1406 356 1466 sed
377 1423 475 1484 neque
496 1403 637 1483 pugnabo
659 1425 715 1466 nec
736 1415 773 1478 te,
798 1403 977 1479 miserande,
996 1404 1171 1482 relinquam,

302 1515 332 1565 et
352 1501 407 1564 tibi
428 1522 508 1564 nunc
529 1504 633 1564 saltem
655 1502 772 1564 veniam
793 1522 904 1564 comes.
948 1502 1039 1580 inque
1061 1504 1219 1581 sepulchro
1260 1523 1307 1578 705

302 1601 326 1664 si
350 1621 410 1663 non
432 1620 512 1676 urna,
536 1612 636 1662 tamen
658 1601 759 1680 iunget
780 1621 836 1662 nos
857 1589 953 1663 littera
964 1623 973 1676 ς
1000 1600 1025 1662 si
1047 1621 1109 1662 non

302 1700 420 1762 ossibus
440 1719 508 1762 ossa
530 1699 612 1775 meis,
634 1712 664 1761 at
685 1720 795 1761 nomen
817 1699 940 1760 nomine
960 1701 1099 1777 tangam!

303 1800 387 1879 plura
407 1799 493 1860 dolor
513 1799 660 1878 prohibet,
683 1800 835 1876 verboque
855 1797 1013 1860 intervenit
1033 1817 1105 1858 omn

303 1898 435 1976 plangor,
458 1907 488 1958 et
508 1897 635 1959 attonito
655 1896 782 1976 gemitus
803 1916 820 1958 e
841 1897 932 1958 corde
954 1897 1117 1957 trahuntur.

346 1996 438 2056 Mane
459 2005 528 2056 erat.
572 1995 720 2074 egreditur
741 1996 826 2056 tectis
847 1997 886 2056 ad
908 1995 986 2069 litus,
1009 2008 1039 2056 et
1061 1997 1143 2056 illum
1259 2018 1308 2072 710

305 2104 417 2155 maesta
438 2095 537 2154 locum
559 2094 672 2173 repetit,
696 2097 734 2156 de
756 2114 816 2173 quo
838 2105 984 2173 spectarat
1005 2107 1134 2155 euntem.

304 2196 438 2272 dumque
459 2204 589 2254 moratur
609 2193 660 2267 ibi,
682 2195 816 2272 dumque
838 2192 907 2253 ‘hic
927 2191 1089 2254 retinacula
1110 2192 1205 2267 solvit,

305 2295 363 2355 hoc
385 2291 458 2354 mihi
479 2291 637 2353 discedens
658 2293 743 2353 dedit
764 2294 866 2353 oscula
888 2291 991 2354 litore’
1013 2291 1093 2366 dicit,

305 2394 438 2470 dunrque
460 2401 562 2453 notata
583 2391 656 2453 locis
677 2390 874 2452 reminiscitur
894 2402 971 2466 acta,
993 2393 1160 2469 fretumque

305 2489 455 2571 prospicit,
478 2489 508 2550 in
530 2489 651 2569 liquida,
675 2488 771 2568 spatio
792 2488 929 2562 distante,
952 2500 1051 2551 tuetur
1260 2512 1307 2565 ⁷15

305 2589 481 2668 nescioquid
502 2587 588 2668 quasi
608 2606 724 2667 corpus,
747 2607 843 2666 aqua:
872 2587 1030 2666 primoque
1051 2587 1125 2666 quid
1145 2587 1219 2650 illud

305 2701 383 2751 esset
404 2698 466 2750 erat
487 2686 613 2748 dubium
624 2709 633 2762 3
660 2698 819 2765 postquam
840 2688 963 2765 paulum
984 2687 1100 2766 adpulit
1121 2690 1211 2761 unda,

305 2799 344 2863 et,
366 2785 502 2868 quamvis
521 2785 632 2859 aberat,
655 2805 762 2863 corpus
784 2795 884 2845 tamen
905 2805 970 2846 esse
992 2785 1132 2863 liquebat,

306 2886 373 2964 quis
394 2885 470 2945 soret
491 2882 638 2961 ignorans,
660 2882 732 2960 quia
753 2885 920 2961 naufragus,
944 2885 1046 2944 omine
1068 2894 1149 2944 mota
1169 2894 1224 2957 est,

306 2994 344 3057 et,
360 2993 512 3060 tamquam
527 2981 630 3060 ignoto
644 2981 795 3042 lacrimam
810 2982 902 3056 daret,
920 2984 996 3041 ‘heu
1012 2982 1118 3055 miser,'
1133 2981 1230 3058 inquit
1260 3000 1308 3055 720
1415 2990 1418 2995 '

309 3080 460 3160 ‘quisquis
481 3100 521 3156 es,
544 3091 574 3140 et
595 3079 680 3158 siqua
701 3091 745 3141 est
767 3079 897 3140 coniunx
919 3079 990 3140 tibi'
1014 3079 1155 3140 fluctibus
1176 3088 1275 3140 actum

307 3183 340 3242 fit
360 3179 482 3260 propius
503 3199 619 3257 corpus.
662 3181 745 3257 quod
767 3198 828 3257 quo
850 3177 943 3256 magis
965 3180 1014 3238 illa
1034 3189 1140 3251 tuetur,

306 3282 365 3340 hoc
387 3280 485 3339 minus
506 3289 536 3339 et
557 3279 656 3339 minus
677 3288 722 3338 est
743 3278 860 3338 mentis.
902 3279 961 3338 iam
981 3276 1102 3355 iamque
1121 3278 1307 3356 propinquae

306 3380 462 3440 admotum
484 3388 586 3450 terrae,
608 3375 667 3436 iam
690 3376 772 3453 quod
793 3394 973 3452 cognoscere
994 3386 1103 3453 posset,

308 3477 409 3539 cernit.
452 3487 513 3538 erat
534 3474 673 3537 coniunx.
720 3474 784 3535 ‘ille
806 3477 868 3534 est’
890 3476 1036 3535 exclamat
1057 3486 1087 3535 et
1107 3495 1168 3534 una
1261 3498 1308 3550 7²5

244 3651 246 3656 Ι
308 3596 360 3638 ora
380 3595 482 3636 comas
502 3585 615 3636 vestem
637 3576 753 3646 lacerat,
776 3574 963 3650 tendensque
984 3583 1145 3633 trementes

308 3677 347 3740 ad
368 3676 468 3754 Ceyca
489 3693 595 3736 manus
618 3673 687 3748 ιεἰς,
710 3694 729 3734 o
751 3671 900 3735 carissime
921 3671 1060 3744 coniunx,
