2964 4366
382 305 803 366 METAMORPHOSEON
828 304 906 362 LIB.
930 305 975 363 XI

178 490 211 532 os
233 469 307 548 petit
328 482 358 533 et
379 490 496 550 sparsos
518 469 638 532 stillanti
660 490 724 531 rore
746 468 876 549 capillos

178 572 301 634 tandem
324 571 465 634 Phoebus
486 571 579 644 adest,
603 589 779 649 morsusque
800 568 906 631 inserte
927 580 1081 648 parantem

178 681 267 745 arcet,
290 682 319 733 et
341 670 372 732 in
392 669 524 750 lapidem
545 667 635 731 rictus
657 668 801 750 serpentis
821 680 939 749 apertos

104 790 107 796 ·
179 771 316 848 congelat
336 781 366 831 et
386 770 512 848 patulos,
536 779 568 830 ut
589 779 681 842 erant,
704 767 822 830 indurat
843 767 949 829 hiatus.
1150 778 1183 828 60

220 867 336 928 Vmbra
357 867 437 928 subit
458 879 557 942 terras,
581 878 611 928 et
632 887 710 946 quae
732 869 799 929 loca
820 866 934 928 viderat
954 878 1033 940 ante,

179 977 288 1028 cuncta
309 965 516 1046 recognoscit,
543 985 749 1045 quaerensque
770 986 823 1044 per
843 986 913 1026 arva
933 965 1050 1045 piorum

179 1063 293 1127 invenit
315 1066 493 1143 Eurydicen,
517 1064 694 1144 cupidisque
715 1064 904 1143 amplectitur
925 1065 1011 1126 ulnis.

179 1163 229 1224 hic
250 1166 343 1227 modo
364 1163 534 1226 coniunctis
554 1163 718 1243 spatiantur
738 1163 875 1243 passibus
896 1164 995 1238 ambo,

180 1283 261 1325 nunc
282 1265 511 1344 praecedentem
533 1262 673 1341 sequitur,
697 1282 778 1324 nunc
799 1262 935 1342 praevius
955 1261 1057 1336 anteit,
1151 1274 1183 1340 65

181 1363 412 1441 Eurydicenque
433 1382 518 1424 suam
540 1363 599 1423 iam
621 1372 687 1423 tuto
708 1360 826 1440 respicit
848 1362 995 1440 Orpheus.

222 1463 293 1523 Non
314 1459 437 1541 impune
458 1472 559 1522 tamen
581 1461 677 1522 scelus
699 1461 757 1522 hoc
779 1459 848 1521 sinit
869 1479 934 1522 esse
956 1464 1079 1538 Lyaeus

180 1558 350 1639 amissoque
371 1560 477 1620 dolens
498 1579 649 1620 sacrorum
671 1569 737 1619 vate
759 1579 888 1634 suorum,

180 1657 315 1737 protinus
335 1657 367 1718 in
388 1657 468 1718 silvis
490 1669 598 1718 matres
620 1656 775 1722 Edonidas
797 1677 910 1731 omnes

180 1777 258 1834 quae
278 1756 377 1818 videre
399 1758 490 1830 nefas,
513 1767 590 1817 torta
610 1755 709 1818 radice
730 1755 837 1834 ligavit.
1151 1776 1183 1832 70

180 1854 292 1935 quippe
313 1856 425 1933 pedum
447 1853 556 1934 digitos
576 1853 630 1930 via,
652 1865 828 1934 quamtum
849 1875 986 1935 quaeque
1006 1866 1107 1917 secuta
1128 1867 1181 1928 est,

181 1953 274 2028 traxit,
297 1964 327 2014 et
348 1953 378 2014 in
400 1953 527 2015 solidam
549 1953 674 2015 detmsit
695 1953 834 2016 acumine
855 1965 971 2016 terram.

181 2064 273 2132 utque
294 2072 382 2114 suum
404 2052 525 2131 laqueis,
550 2073 625 2133 quos
647 2053 772 2116 callidus
793 2053 910 2115 abdidit
930 2075 1050 2134 auceps,

180 2171 247 2212 crus
268 2150 320 2213 ubi
342 2150 492 2212 commisit
512 2150 648 2227 volucris,
672 2151 824 2232 sensitque
845 2153 948 2228 teneri,

181 2248 336 2328 plangitur,
358 2270 394 2310 ac
415 2248 567 2329 trepidans
588 2249 744 2329 adstringit
764 2250 883 2313 vincula
904 2263 1009 2327 motu,
1153 2273 1184 2328 75

181 2350 231 2424 sic,
255 2361 288 2409 ut
308 2369 446 2428 quaeque
468 2350 533 2409 solo
553 2350 651 2410 defixa
671 2351 843 2412 cohaeserat
865 2352 978 2424 hamm,

181 2458 345 2509 exsternata
366 2449 466 2525 fugam
488 2449 594 2510 frustra
614 2449 779 2528 temptabat
789 2471 798 2524 3
824 2460 855 2509 at
876 2447 957 2510 illam

181 2548 261 2607 lenta
281 2557 363 2608 tenet
383 2547 477 2621 radix,
497 2548 754 2625 exsultantemque
775 2559 901 2609 coercet.

181 2648 314 2726 dumque
336 2648 388 2707 ubi
409 2646 468 2708 sint
489 2646 582 2725 digiti,
604 2649 679 2710 dum
700 2667 753 2728 pes
779 2648 839 2723 ubi,
862 2646 984 2727 quaerit,
1008 2657 1039 2708 et
1059 2665 1183 2725 ungues,

180 2745 307 2824 adspicit
328 2744 359 2806 in
380 2757 487 2808 teretes
508 2747 622 2824 lignum
643 2749 804 2810 succedere
824 2768 915 2810 suras.
1036 2790 1040 2799 .
1152 2757 1187 2820 8οΙ

181 2857 211 2905 ct
231 2857 338 2907 conata
360 2845 455 2906 femur
477 2834 780 2926 maerenti'plangere
801 2847 912 2920 dextra,

181 2944 289 3005 robora
309 2944 462 3022 percussit.
505 2957 609 3024 pectus
631 2965 752 3024 quoque
774 2947 881 3008 robora
902 2948 986 3021 fiunt,

181 3041 289 3104 robora
310 3055 380 3104 sunt
401 3043 504 3117 umeri,
527 3055 723 3123 porrectaque
746 3045 884 3107 bracchia
903 3065 989 3108 veros

181 3162 247 3203 esse
267 3153 354 3221 putes
376 3161 482 3218 ramos,
505 3153 535 3204 et
556 3162 617 3204 non
639 3145 739 3205 lallare
760 3146 903 3223 putando.

222 3243 288 3303 Nec
302 3240 373 3302 satis
388 3242 446 3302 hoc
462 3243 583 3303 Baccho
597 3252 650 3303 est.
676 3241 757 3321 ipsos
771 3264 893 3322 quoque
907 3242 1017 3307 deserit
1030 3263 1124 3322 agros,
1152 3253 1182 3316 85

180 3361 311 3420 cumque
331 3341 424 3402 choro
446 3340 568 3402 meliore
589 3341 634 3402 sui
656 3341 755 3403 vineta
775 3343 887 3404 'l'imoli

181 3441 386 3517 Pactolonque
407 3438 489 3518 petit,
511 3441 646 3518 quamvis
668 3460 730 3501 non
751 3461 858 3503 aureus
879 3444 930 3502 illo

180 3548 314 3617 tempore
336 3555 393 3598 nec
413 3536 488 3598 caris
509 3549 571 3600 erat
592 3537 756 3602 invidiosus
778 3540 903 3600 harenis.

181 3633 261 3696 hunc
282 3636 408 3697 adsueta
428 3638 544 3710 cohors,
567 3636 662 3715 Satyri
683 3639 882 3717 Bacchaeque
903 3641 1110 3718 frequentant,

180 3744 211 3793 at
231 3732 349 3796 Silenus
369 3737 463 3798 abest.
507 3736 694 3799 titubantem·
706 3737 854 3818 annisque
876 3759 1018 3819 meroque
1151 3766 1184 3814 90

1076 3850 1091 3886 B
1106 3852 1117 3886 2
