2964 4366
480 276 901 340 METAMORPHOSEON
927 277 1008 339 LIB.
1028 277 1074 338 XI

277 441 414 500 Aesacon
436 442 577 504 umbrosa
597 443 697 503 furtim
719 443 868 522 peperisse
889 444 946 504 sub
968 445 1026 504 Ida

278 539 367 598 fertur
387 538 555 614 Alexirhoe,
578 541 708 602 Granico
729 553 799 603 nata
820 542 944 604 bicorni.

277 638 381 698 oderat
402 637 450 698 bie
471 640 567 712 urbes,
590 638 745 718 nitidaque
765 652 898 702 remotus
918 640 958 700 ab
978 641 1047 699 aula

277 747 407 798 secretos
429 749 545 798 montes
566 749 595 799 et
615 738 807 800 inambitiosa
826 740 945 800 colebat

278 855 353 908 rura,
375 856 431 896 nec
454 836 561 897 Iliacos
582 850 686 898 coetus
707 837 763 898 nisi
785 859 866 899 rarus
887 838 996 898 adibat.

278 954 340 995 non
360 947 474 1012 agreste
495 946 595 996 tamen
617 957 672 996 nec
693 935 923 1014 inexpugnabile
943 935 1037 996 amori

278 1044 382 1112 pectus
403 1034 518 1095 habens
538 1034 625 1096 silvas
646 1046 795 1114 captatam
816 1056 906 1114 saepe
927 1055 979 1115 per
999 1055 1106 1095 omnes

278 1130 406 1210 adspicit
428 1132 596 1210 Hesperien
617 1132 711 1212 patria
732 1133 904 1196 Cebrenida
925 1132 996 1212 ripa,

279 1229 404 1291 iniectos
425 1230 534 1291 umeris
555 1231 717 1294 siccantem
739 1233 802 1292 sole
823 1231 955 1310 capillos

279 1328 342 1388 visa
362 1327 436 1406 fugit
457 1331 607 1407 Nymphe,
628 1330 720 1391 veluti
742 1329 895 1408 perterrita
915 1333 1028 1390 fulvum

280 1447 366 1487 cerva
386 1429 498 1505 lupum,
521 1431 670 1506 longeque
691 1431 757 1489 lacu
778 1431 926 1508 deprensa
947 1429 1050 1489 relicto

280 1525 451 1605 accipitrem
472 1526 597 1587 fluvialis
618 1548 698 1587 anas.
741 1548 832 1606 quarn
853 1527 962 1588 Troius
983 1529 1071 1588 heros

281 1624 454 1704 insequitur,
476 1628 663 1703 celeremque
685 1637 766 1686 metu
787 1628 866 1686 celer
886 1638 970 1704 urget
991 1646 1101 1686 amore.

281 1744 351 1784 ecce
372 1725 467 1783 latens
488 1723 581 1784 herba
601 1723 724 1783 coluber
743 1722 882 1801 fugientis
902 1726 1023 1784 adunco
1236 1741 1283 1796 775

281 1824 372 1883 dente
394 1824 502 1900 pedem
524 1821 647 1894 strinxit,
669 1821 808 1900 virusque
829 1821 860 1882 in
881 1843 1005 1900 corpore
1026 1822 1120 1900 liquit.

282 1941 351 1980 cum
373 1919 432 1980 vita
453 1941 610 1999 suppressa
630 1923 699 1998 fuga
719 1931 771 1981 est.
814 1921 1003 1998 amplectitur
1023 1942 1127 1981 amens

282 2018 449 2080 exanimem
470 2021 638 2098 clamatque
662 2023 679 2051 “
687 2018 775 2097 piget,
798 2018 879 2097 piget
899 2039 965 2080 esse
986 2031 1131 2080 secutum.

283 2120 337 2178 sed
359 2137 421 2178 non
442 2118 500 2178 hoc
521 2116 614 2190 timui,
638 2137 737 2196 neque
758 2130 819 2178 erat
840 2117 914 2176 mihi
935 2117 1054 2178 vincere
1075 2117 1158 2178 tanti.

284 2215 468 2296 perdidimus
489 2213 626 2276 miseram
649 2237 705 2276 nos
726 2228 755 2276 te
776 2218 857 2276 duo:
885 2211 993 2277 vulnus
1014 2217 1053 2277 ab
1073 2237 1179 2294 angue,
1239 2227 1288 2290 780

284 2337 302 2376 a
324 2336 372 2376 me
393 2335 482 2375 causa
503 2315 574 2375 data
594 2325 646 2375 est.
690 2335 746 2392 ego
767 2335 834 2374 sum
855 2314 1024 2376 sceleratior
1044 2316 1116 2390 illo;

181 2408 182 2412 ’
285 2412 336 2492 qui
358 2411 412 2473 tibi
434 2423 529 2474 morte
550 2431 616 2473 mea
638 2411 740 2472 mortis
762 2412 872 2472 solacia
892 2412 1036 2472 nrittam.’'

286 2510 369 2587 dixit,
391 2521 419 2572 et
441 2533 457 2572 e
479 2513 612 2589 scopulo,
636 2531 726 2589 quent
749 2531 837 2572 rauca
858 2512 1018 2572 subederat
1039 2513 1128 2584 unda,

286 2631 319 2671 se
339 2609 423 2672 dedit
445 2609 474 2670 iu
496 2620 630 2688 pontum.
675 2611 788 2687 Tethys
809 2609 947 2670 miserata
968 2612 1127 2671 cadentem

286 2709 414 2771 molliter
435 2707 559 2787 excepit,
582 2719 766 2786 nantemque
787 2729 840 2787 per
860 2727 990 2786 aequora
1011 2707 1118 2787 pennis
1242 2720 1289 2782 785

288 2808 365 2882 texit,
389 2819 418 2869 et
439 2819 558 2886 optatae
580 2827 640 2867 non
663 2818 708 2866 est
728 2808 799 2868 data
818 2806 906 2886 copia
927 2806 1038 2868 mortis.

287 2906 458 2986 indignatur
477 2926 581 2966 amans
602 2904 727 2965 invitum
748 2905 846 2966 vivere
867 2905 942 2984 cogi,

288 3005 458 3084 obstarique
479 3003 604 3076 animae,
628 3002 734 3071 misera
754 3006 793 3066 de
814 3006 886 3066 sede
906 3003 1018 3065 volenti

288 3106 374 3166 exire.
418 3116 510 3182 utque
531 3124 624 3165 novas
645 3102 754 3164 umeris
775 3105 982 3181 adsumpserat
1002 3105 1072 3175 alas,

288 3206 425 3267 subvolat
445 3216 535 3282 atque
556 3202 663 3264 iterum
684 3222 791 3280 corpus
813 3222 901 3280 super
921 3222 1051 3280 aequora
1071 3199 1169 3260 mittit.
1243 3222 1292 3275 700

289 3307 391 3383 pluma
411 3306 490 3364 levat
510 3322 604 3363 casus.
647 3299 716 3360 furit
737 3303 878 3373 Aesacos,
901 3299 992 3377 inque
1013 3301 1195 3377 profundum

289 3424 400 3483 pronus
421 3401 491 3475 abit,
515 3399 626 3478 letique
646 3399 724 3459 viam
746 3399 810 3458 sine
831 3400 891 3458 fine
912 3409 1078 3475 retemptat.

289 3503 360 3564 fecit
379 3523 464 3562 amor
484 3499 619 3560 maciem.
662 3501 751 3577 longa
772 3496 939 3558 internodia
960 3517 1087 3568 crurum,

290 3607 379 3680 longa
400 3613 501 3662 manet
521 3598 626 3672 cervix,
649 3608 738 3677 caput
760 3609 805 3658 est
825 3618 844 3656 a
864 3616 988 3674 corpore
1009 3597 1106 3672 longe.

289 3722 402 3779 aequor
422 3711 510 3773 amat,
533 3718 704 3775 nomenque
726 3707 816 3769 tenet,
839 3693 909 3772 quia
931 3692 1070 3771 mergitur
1090 3691 1160 3752 illo.’
1245 3711 1293 3766 795
