2964 4366
390 300 811 361 METAMORPHOSEON
838 301 918 359 LIB.
941 300 986 358 XI

186 466 238 527 dat
258 486 381 545 quoque
401 465 461 526 iarn
482 467 575 526 saltus
595 464 673 526 intra
693 485 766 526 cava
787 475 867 525 texta
886 463 1004 525 carinae

186 567 294 626 fluctus
304 587 314 639 3
340 575 371 626 et
390 575 424 625 ut
446 562 539 640 miles,
562 581 688 626 numero
708 562 905 642 praestantior
925 562 1018 636 omni,
1142 589 1190 638 5²5

185 683 257 724 cum
276 682 367 742 saepe
386 661 508 724 adsiluit
528 663 670 724 defensae
691 661 851 724 moenibus
871 661 962 736 urbis,

186 781 239 841 spe
260 761 372 840 potitur
392 763 525 835 tandem,
547 761 705 839 laudisque
725 780 870 823 accensus
890 781 992 822 amore

186 859 263 920 inter
283 859 365 921 mille
385 859 464 921 viros
485 879 604 920 murum
625 871 727 920 tamen
748 872 875 940 occupat
897 880 995 932 unus;

186 957 229 1018 sic
250 957 303 1018 ubi
324 959 478 1036 pulsarunt
499 957 625 1019 noviens
645 959 738 1018 latera
757 959 850 1020 ardua
871 961 988 1032 fluctus

186 1056 298 1117 vastius
317 1056 473 1134 insurgens
495 1056 631 1118 decimae
651 1057 710 1117 ruit
727 1056 856 1136 impetus
877 1057 986 1131 undae,
1142 1078 1191 1131 5³0

187 1175 244 1215 nec
263 1156 345 1232 prius
365 1153 482 1216 absistit
502 1157 611 1217 fessam
631 1175 806 1235 oppugnare
825 1157 965 1231 carinam,

187 1273 278 1333 quam
299 1255 381 1313 velut
401 1253 432 1313 in
453 1265 558 1332 captae
579 1256 743 1316 descendat
764 1254 885 1316 moenia
903 1253 996 1314 navis.

187 1372 254 1429 pars
275 1349 364 1430 igitur
383 1353 550 1431 temptabat
570 1355 672 1414 adhuc
692 1353 833 1415 invadere
852 1352 969 1431 pinum,

183 1459 255 1526 'pars
276 1450 365 1510 maris
386 1450 467 1511 intus
486 1463 556 1512 erat
600 1451 752 1530 trepidant
771 1453 854 1513 haud
874 1451 971 1512 secius
992 1471 1106 1525 omnes,

187 1568 279 1625 quarn
300 1551 377 1610 solet
397 1549 477 1623 urbs,
498 1549 564 1610 aliis
585 1570 703 1610 murum
724 1550 909 1612 fodientibus
929 1561 1010 1612 extra
1141 1574 1188 1624 535

187 1657 278 1726 atque
299 1647 364 1708 aliis
384 1667 512 1721 murum,
534 1647 691 1726 trepidare,
716 1648 887 1709 tenentibus
909 1647 997 1710 intus.

188 1745 290 1807 deficit
309 1767 356 1806 ars
376 1745 530 1824 animique
550 1748 663 1808 cadunt
673 1769 681 1822 3
712 1747 899 1826 totidemque
920 1745 1067 1820 videntur,

188 1857 263 1922 quot
284 1843 407 1905 veniunt
428 1847 545 1919 fluctus,
567 1866 651 1907 ruere
671 1856 763 1925 atque
784 1845 954 1924 inrumpere
975 1857 1093 1906 mortes,

188 1965 250 2004 non
272 1954 354 2004 tenet
375 1943 425 2004 hic
445 1943 590 2017 lacrimas,
614 1955 714 2022 stupet
735 1944 794 2020 hic,
815 1956 903 2005 vocat
924 1945 973 2006 ille
994 1945 1099 2006 beatos

187 2044 292 2102 funera
311 2062 389 2120 quos
410 2054 552 2103 maneant
562 2065 570 2115 ;
598 2042 647 2103 hic
668 2045 745 2104 votis
767 2063 879 2104 numen
899 2046 1013 2117 adorat,
1143 2049 1190 2116 54⁰

188 2140 387 2219 bracchiaque
407 2143 447 2202 ad
468 2143 594 2216 caelum,
616 2143 701 2220 quod
721 2163 784 2202 non
805 2141 895 2216 videt,
916 2141 1004 2202 inrita
1025 2143 1133 2202 tollens

187 2240 284 2318 poscit
305 2259 417 2316 opem;
446 2239 577 2300 subeunt
597 2239 640 2301 illi
659 2243 822 2319 fratresque
842 2261 1018 2320 parensque,

188 2337 259 2398 huic
277 2358 346 2398 curn
365 2337 540 2416 pignoribus
559 2340 678 2413 domus,
697 2350 726 2400 et
746 2341 961 2419 quodcumque
980 2339 1116 2401 relictum
1136 2350 1190 2401 est.

188 2438 323 2514 Alcyone
338 2439 439 2516 Ceyca
460 2448 568 2512 movet,
591 2437 698 2516 Ceycis
719 2438 750 2498 in
771 2459 823 2501 ore

188 2538 270 2596 nulla
291 2537 347 2597 nisi
369 2523 504 2614 Alcyone
524 2548 588 2612 est3
615 2550 735 2599 etcum
757 2538 905 2600 desideret
926 2559 1027 2612 unam,
1142 2562 1191 2613 545

187 2636 299 2712 gaudet
319 2638 425 2697 abesse
446 2647 555 2696 tamen.
598 2636 710 2715 patriae
732 2657 854 2717 quoque
875 2640 963 2698 vellet
983 2639 1023 2699 ad
1044 2657 1110 2697 oras

187 2733 341 2813 respicere,
364 2734 457 2813 inque
476 2737 603 2796 domurn
624 2755 780 2815 supremos
801 2748 913 2797 vertere
934 2739 1051 2796 vultus:

188 2851 291 2894 verum
313 2833 364 2893 ubi
386 2833 424 2894 sit
445 2833 540 2895 nescit
550 2855 559 2909 3
587 2846 670 2895 tanta
690 2834 833 2913 vertigine
854 2846 965 2914 pontus

188 2934 290 3005 fervet,
312 2945 342 2994 et
362 2933 487 2995 inducta
507 2934 599 3012 piceis
621 2957 638 2995 e
659 2935 791 2996 nubibus
812 2935 918 2995 umbra

189 3051 280 3092 omne
300 3034 373 3094 latet
392 3035 518 3106 caelum,
541 3033 754 3113 duplicataque
775 3033 872 3094 noctis
893 3033 992 3110 imago
1014 3044 1067 3094 est.
1142 3055 1192 3108 550

188 3129 330 3208 frangitur
350 3129 471 3195 incursu
492 3130 624 3194 nimbosi
644 3131 771 3192 turbinis
791 3132 887 3205 arbor,

168 3229 330 3314 frangitur
351 3241 381 3292 et
401 3229 542 3309 regimen,
565 3231 729 3311 spoliisque
748 3232 885 3293 animosa
905 3242 1054 3309 superstes

189 3330 279 3402 unda,
302 3331 383 3390 velut
404 3329 515 3404 victrix,
538 3331 715 3410 sinuataque
736 3330 865 3410 despicit
885 3331 991 3402 undas,

188 3447 245 3489 nec
265 3427 369 3502 levius,
391 3449 483 3508 quam
504 3429 597 3508 siquis
619 3431 723 3491 Athon
747 3428 916 3491 Pindumve
937 3430 1070 3490 revulsos

188 3528 260 3588 sede
281 3548 335 3588 sua
356 3537 435 3589 totos
456 3526 488 3588 in
508 3539 644 3608 apertum
666 3528 803 3590 everterit
823 3547 942 3607 aequor,
1143 3551 1192 3601 555

188 3625 381 3705 praecipitata
401 3627 490 3700 cadit,
513 3627 681 3706 pariterque
702 3639 733 3688 et
753 3627 887 3706 pondere
908 3637 938 3688 et
959 3625 1019 3686 ictu

189 3724 295 3804 mergit
316 3724 346 3786 in
368 3723 429 3786 ima
449 3738 541 3788 ratem
552 3749 561 3803 3
588 3748 658 3788 curn
680 3747 740 3805 qua
757 3747 824 3806 para
846 3746 953 3805 magna
973 3725 1103 3786 virorum
