2964 4366
606 299 639 356 P.
663 297 787 356 OVIDI
812 297 991 358 NASONIS

295 473 412 524 tantum
433 461 591 541 respiceret
613 472 759 548 quantum
781 480 936 541 superesse
957 463 1070 527 videret
1080 489 1088 540 ;

296 579 423 640 parsque
444 561 537 621 boum
560 559 647 622 fulvis
668 580 767 640 genua
788 560 944 623 inclinarat
965 564 1083 624 harenis
1250 591 1300 642 3⁵5

295 661 481 739 latarumque
503 659 603 721 iacens
624 678 749 738 campos
770 661 926 739 spectabat
947 681 1100 739 aquarum,

295 775 362 838 pars
383 757 523 838 gradibus
544 758 636 820 tardis
656 757 727 820 illuc
748 758 864 821 enabat
885 770 915 821 et
935 759 1013 834 illuc,

295 869 368 920 nant
388 858 438 920 alii
460 860 603 938 celsoque
624 868 741 920 exstant
762 877 851 939 super
871 878 1002 939 aequora
1023 862 1110 924 collo.

295 959 407 1039 templa
428 957 501 1019 mari
523 959 649 1020 subsunt
670 976 727 1019 nec
747 976 895 1021 marmore
915 961 994 1022 clara
1015 980 1113 1041 neque
1133 981 1214 1037 auro,

295 1059 348 1120 sed
370 1056 504 1119 trabibus
526 1057 627 1119 densis
648 1059 778 1138 lucoque
800 1059 942 1121 umbrosa
962 1070 1089 1120 vetusto.
1249 1073 1298 1135 360

295 1155 440 1218 Nereides
463 1156 639 1236 Nereusque
660 1167 783 1232 tenent;
811 1158 867 1218 hos
888 1158 989 1220 navita
1009 1159 1094 1238 ponti

293 1253 388 1317 edidit
409 1274 474 1317 esse
495 1256 578 1329 deos,
601 1256 675 1317 dum
697 1255 770 1318 retia
790 1255 876 1318 litore
898 1256 997 1318 siccat.

293 1355 395 1416 iuncta
415 1356 500 1434 palus
522 1353 592 1416 huic
614 1365 667 1429 est,
689 1355 791 1416 densis
812 1355 935 1418 obsessa
956 1356 1074 1430 salictis,

293 1472 384 1532 quarn
405 1453 600 1533 restagnantis
622 1453 692 1516 iecit
713 1455 802 1516 maris
823 1456 905 1517 unda
925 1457 1075 1534 paludem.

293 1551 363 1614 inde
384 1551 498 1630 fragore
518 1551 600 1630 gravi
621 1551 779 1630 strepitans
800 1554 868 1614 loca
888 1553 1022 1633 proxima
1043 1565 1140 1627 terret,
1247 1567 1294 1632 365

292 1651 381 1713 belua
401 1661 493 1726 vasta,
514 1651 610 1730 lupus,
634 1649 790 1730 iuncisque
811 1651 991 1730 palustribus
1012 1653 1072 1714 exit

291 1749 403 1811 oblitus
425 1760 454 1812 et
475 1749 589 1829 spumis
610 1761 640 1811 et
661 1749 758 1829 spisso
779 1749 923 1828 sanguiue
944 1750 1033 1812 rictus

291 1847 459 1922 fulmineos,
483 1849 571 1910 mbra
593 1849 722 1909 suffusus
743 1847 857 1910 lumina
881 1850 1009 1911 flamma.

291 1947 343 2026 qui
364 1964 548 2026 quamquam
570 1946 662 2009 saevit
684 1947 791 2026 pariter
811 1947 954 2027 rabieque
975 1950 1121 2027 fameque,

290 2045 385 2108 acrior
407 2057 451 2108 est
472 2045 562 2108 rabie.
606 2046 807 2125 nequeenim
829 2046 939 2108 ieiunia
959 2059 1042 2110 curat

291 2145 384 2206 caede
405 2145 499 2206 boum
520 2143 677 2223 diramque
697 2145 806 2206 famem
829 2145 922 2219 finire,
945 2149 999 2208 sed
1020 2165 1110 2206 omne

291 2243 426 2305 vulnerat
445 2254 623 2318 armentum,
646 2243 810 2323 sternitque
832 2245 977 2306 hostiliter
998 2264 1096 2306 omne.

291 2361 358 2421 pars
380 2360 501 2422 quoque
522 2343 561 2404 de
582 2341 671 2403 nobis
692 2344 811 2404 funesto
832 2343 932 2404 saucia
953 2364 1063 2417 morsu,

290 2443 363 2502 durn
385 2443 585 2516 defensamus,
608 2443 668 2502 leto
690 2452 735 2520 est
755 2442 833 2503 data
877 2442 1021 2521 sanguine
1042 2441 1110 2503 litus

290 2541 432 2619 undaque
453 2539 548 2619 prima
570 2539 656 2602 rubet
677 2539 907 2619 demugitaeque
928 2541 1061 2620 paludes.
1130 2607 1135 2616 ,
1244 2565 1292 2618 ³75

289 2640 342 2700 sed
365 2657 447 2700 mora
470 2638 617 2700 damnosa
638 2650 691 2712 est,
714 2659 771 2699 nec
792 2659 838 2700 res
859 2639 996 2701 dubitare
1018 2638 1148 2701 remittit.

289 2738 362 2798 dum
384 2747 518 2816 superest
538 2736 660 2816 aliquid,
683 2736 784 2798 cuncti
805 2756 946 2798 coeamus
967 2749 997 2799 et
1017 2758 1107 2812 arma,

288 2853 370 2896 arma
391 2853 590 2914 capessamus,
613 2835 836 2914 coniunctaque
856 2838 916 2897 tela
936 2838 1084 2898 feramus!

288 2932 401 2995 dixerat
421 2934 552 3012 agrestis.
594 2953 651 2995 nec
673 2935 762 2996 Pelea
784 2935 895 2995 damna
916 2937 1085 3008 movebant,

288 3033 350 3107 sed,
373 3049 488 3094 memor
508 3032 641 3108 admissi,
663 3033 794 3094 Nereida
815 3033 926 3112 colligit
948 3035 1051 3095 orbam
1241 3045 1290 3106 380

286 3132 397 3192 damna
418 3151 472 3193 sua
492 3131 611 3194 inferias
632 3131 778 3193 exstincto
800 3131 916 3194 mittere
938 3135 1049 3194 Phoco.

286 3228 410 3291 induere
430 3249 513 3291 arma
533 3229 611 3292 viros
632 3229 823 3309 violentaque
845 3250 961 3293 sumere
982 3233 1041 3293 tela

286 3347 336 3389 rex
357 3327 440 3390 iubet
461 3330 612 3404 Oetaeus;
640 3347 709 3389 cum
731 3327 798 3406 quis
819 3328 907 3390 simul
928 3330 992 3409 ipse
1013 3330 1135 3409 parabat

286 3427 336 3488 ire.
380 3429 433 3489 sed
454 3429 591 3506 Alcyone
612 3427 743 3488 coniunx
764 3427 860 3489 excita
880 3431 1010 3490 tumultu

284 3525 399 3604 prosilit
420 3537 458 3600 et,
480 3528 617 3588 nondum
639 3536 718 3588 totos
740 3537 843 3586 ornata
865 3526 997 3606 capillos,

283 3622 382 3685 disicit
403 3625 459 3684 hos
480 3624 569 3704 ipsos,
592 3625 732 3702 colloque
752 3623 851 3684 infusa
872 3625 977 3698 mariti,

284 3722 381 3783 mittat
403 3734 436 3783 ut
456 3723 598 3784 auxilium
620 3723 684 3784 sine
705 3743 747 3798 se,
768 3722 926 3801 verbisque
947 3736 1083 3802 precatur
