2964 4366
404 289 827 352 METAMORPHOSEON
852 293 932 352 LIB.
954 291 1000 353 XI

199 458 353 539 aptarique
374 458 435 520 suis
456 460 561 539 pinum
583 459 666 522 iubet
686 459 886 522 armamentis.

100 639 104 644 ,
200 579 259 637 qua
279 578 379 619 rursus
400 558 471 632 visa,
494 558 586 620 veluti
607 578 749 637 praesaga
769 558 867 634 futuri,

199 657 312 719 horruit
333 659 470 736 Alcyone
492 657 688 736 lacrimasque
709 656 808 720 emisit
829 658 958 731 obortas,

199 757 413 834 amplexusque
434 754 527 830 dedit,
550 755 685 834 tristique
707 755 871 816 miserrima
891 755 1013 816 tandem

200 875 250 917 ore
273 855 371 916 ‘vale'
392 853 473 924 dixit,
497 855 688 933 collapsaque
710 873 834 933 corpore
855 864 919 914 toto
941 864 994 915 est.
1152 861 1203 929 460

199 964 245 1014 ast
265 943 395 1026 iuvenes
419 963 581 1030 quaerente
603 971 700 1014 moras
722 954 831 1030 Ceyce,
852 953 1000 1014 reducunt

199 1050 355 1112 ordinibus
376 1049 502 1128 geminis
523 1050 563 1110 ad
584 1050 671 1111 sortia
692 1061 813 1129 pectora
833 1069 941 1124 remos,

198 1149 376 1229 aequalique
397 1149 458 1210 ictu
480 1149 623 1210 scindunt
642 1151 725 1211 freta.
769 1149 886 1211 sustulit
907 1149 958 1210 illa

199 1259 336 1310 umentes
357 1249 470 1322 ocutos,
493 1259 683 1327 stantemque
703 1247 735 1308 in
755 1267 858 1328 puppe
878 1267 1000 1309 recurva

199 1366 405 1425 concussaque
426 1366 517 1408 manu
538 1348 661 1408 dantem
683 1346 741 1407 sibi
761 1347 845 1426 signa
866 1347 1004 1408 maritum
1151 1356 1202 1421 4⁶⁶

199 1445 294 1527 prima
314 1446 395 1507 videt
417 1445 575 1524 redditque
596 1457 691 1507 notas.
735 1445 787 1507 ubi
808 1458 884 1507 terra
905 1447 1026 1508 recessit

199 1544 324 1623 longius,
347 1556 437 1622 atque
459 1544 538 1606 oculi
559 1556 713 1622 nequeunt
734 1563 914 1623 cognoscere
935 1547 1042 1618 vultus,

199 1644 273 1704 dum
294 1642 371 1717 licet,
390 1641 559 1722 insequitur
579 1642 741 1720 fugientem
763 1642 876 1704 lumine
896 1642 1010 1722 pinum.

200 1743 274 1802 haec
295 1761 416 1820 quoque
437 1752 471 1801 ut
491 1741 572 1802 haud
593 1752 718 1820 poterat,
738 1741 835 1821 spatio
856 1741 1004 1816 submota,
1027 1740 1129 1814 videri,

199 1842 265 1901 vela
286 1851 386 1900 tamen
408 1850 522 1918 spectat
543 1859 662 1901 summo
684 1839 830 1900 fluitantia
851 1841 939 1901 malo.

199 1951 232 2000 ut
253 1958 309 1999 nec
329 1939 396 2000 vela
415 1937 506 2012 videt,
527 1959 654 1999 vacuum
677 1938 751 2016 petit
770 1937 858 1999 anxia
878 1941 997 2013 lectum,
1033 1960 1036 1965 ·

199 2058 291 2117 seque
312 2049 378 2098 toro
398 2037 493 2116 ponit.
536 2049 658 2098 renovat
680 2040 834 2116 lectusque
855 2039 999 2116 locusque
1059 2056 1065 2065 ·

200 2138 353 2214 Alcyonae
374 2136 519 2210 lacrimas,
543 2147 573 2196 et
594 2157 671 2214 quae
692 2156 768 2215 pars,
790 2137 943 2210 admonet,
965 2135 1051 2197 absit.

241 2235 379 2296 Portibus
401 2235 540 2309 exierant,
564 2246 594 2296 et
616 2248 749 2298 moverat
769 2255 841 2296 aura
862 2237 1020 2297 rudentes:

199 2332 326 2395 obvertit
347 2336 430 2395 lateri
451 2335 619 2412 pendentes
641 2334 741 2396 navita
761 2354 868 2409 remoq
1152 2354 1201 2408 475

199 2453 370 2512 cornuaque
392 2433 423 2492 in
444 2453 562 2494 summa
584 2436 663 2495 locat
684 2435 798 2508 arbore,
821 2444 944 2512 totaque
967 2434 1046 2494 malo
1076 2501 1079 2506 ,

199 2532 322 2592 carbasa
343 2531 466 2594 deducit
487 2531 702 2610 venientesque
723 2531 831 2610 accipit
852 2552 946 2593 auras.

199 2642 251 2690 aut
272 2630 379 2704 minus,
401 2643 453 2691 aut
474 2642 553 2692 certe
575 2631 708 2692 medium
730 2652 792 2692 non
813 2631 941 2709 amplius
961 2650 1074 2709 aequor

200 2750 302 2809 puppe
322 2729 487 2803 secabatur,
509 2732 658 2808 longeque
680 2741 742 2791 erat
763 2740 888 2808 utraque
909 2731 1005 2803 tellus,
1082 2799 1085 2804 ¹

200 2849 270 2888 cunr
292 2849 372 2890 mare
394 2829 450 2889 sub
472 2840 592 2889 noctem
615 2828 737 2889 tumidis
758 2829 909 2888 albescere
930 2826 1030 2905 coepit

200 2927 340 2989 fluctibus
361 2939 391 2988 et
411 2946 554 3005 praeceps
575 2926 684 3005 spirare
705 2926 852 2987 valentius
874 2929 980 2987 Eurus.

202 3027 312 3087 ‘ardua
332 3025 508 3086 iamdudum
531 3024 679 3087 demittite
700 3027 828 3086 cornua'
849 3036 946 3086 rector

200 3128 309 3186 clamat
330 3128 377 3185 ‘et
398 3123 547 3185 antemnis
569 3135 665 3185 totum
686 3123 855 3185 subnectite
875 3125 994 3184 velum!

201 3223 250 3284 hic
270 3223 371 3285 iubet:
400 3221 569 3302 impediunt
590 3223 731 3284 adversae
752 3222 833 3284 iussa
852 3225 1007 3300 procellae,

199 3344 257 3384 nec
278 3321 347 3383 sinit
368 3321 464 3382 audiri
484 3342 589 3383 vocem
611 3323 708 3400 fragor
728 3320 865 3400 aequoris
887 3322 986 3382 ullam.
1151 3331 1200 3396 485

200 3432 307 3501 sponte
329 3432 429 3483 tamen
451 3432 612 3500 properant
632 3419 681 3480 alii
703 3420 871 3482 subducere
892 3441 999 3494 remoS,

200 3542 268 3600 pars
289 3519 405 3581 munire
427 3522 512 3593 latuS,
534 3539 602 3597 pars
624 3518 719 3580 ventis
740 3520 806 3579 vela
827 3539 942 3597 negare,

200 3616 293 3695 egerit
312 3617 362 3679 hic
384 3620 500 3691 fluctus,
522 3638 695 3696 aequorque
716 3616 847 3677 refundit
868 3615 899 3676 in
919 3635 1040 3694 aequor,

201 3714 251 3776 bic
272 3715 347 3794 rapit
368 3728 534 3778 antemnas.
578 3737 655 3796 quae
676 3717 750 3777 dum
771 3714 836 3776 sine
857 3717 922 3793 lege
942 3726 1091 3793 geruntur,
