2964 4366
611 260 644 318 P.
667 258 793 319 OVIDI
815 255 996 319 NASONIS

299 424 437 486 Lucifero
457 424 591 503 genitore
612 434 704 498 satus,
724 423 915 502 patriumque
936 423 1066 485 nitorem

298 544 350 584 ore
370 526 467 584 serens
489 525 578 602 Ceyx.
622 523 674 584 illo
695 523 747 602 qui
768 534 903 602 tempore
924 535 1055 584 maestus

298 622 510 702 dissimilisque
531 623 577 682 sui
598 624 717 682 fratrem
739 623 859 700 lugebat
880 623 1064 701 ademptum.

297 741 360 800 quo
380 732 541 800 postquam
563 721 711 782 Aeacides
732 722 827 781 sessus
849 739 980 799 curaque
1001 721 1110 799 viaque

298 820 388 893 venit,
411 831 441 883 et
462 820 581 881 intravit
601 819 705 898 paucis
726 817 941 880 comitantibus
962 819 1077 893 urbem,
1253 843 1301 895 ²7⁵

298 938 435 999 quosque
454 904 558 997 ¹greges
579 935 733 996 pecorum,
754 936 831 996 quae
852 935 955 978 secum
977 927 1111 978 armenta
1132 917 1276 992 trahebat,
1334 983 1336 987 ,

298 1019 379 1078 haud
401 1020 506 1097 procul
526 1038 544 1078 a
565 1015 657 1076 muris
678 1016 735 1077 sub
756 1035 851 1094 opaca
871 1018 948 1078 valle
968 1015 1093 1095 reliquit,

298 1116 386 1195 copia
407 1135 477 1177 cum
498 1117 576 1176 facta
598 1126 643 1176 est
663 1115 796 1176 adeundi
817 1115 913 1194 prima
933 1115 1058 1194 tyranni,

298 1217 467 1276 velamenta
488 1233 579 1275 manu
601 1215 800 1293 praetendens
821 1214 965 1293 supplice,
988 1214 1040 1292 qui
1061 1214 1099 1275 sit

297 1333 420 1392 quoque
441 1325 522 1374 satus
544 1323 709 1388 memorat3
739 1323 856 1373 tantum
878 1331 932 1374 sua
953 1311 1079 1374 crimina
1099 1315 1184 1386 celat,
1253 1325 1301 1372 ²80

264 1451 267 1456 -
299 1413 500 1490 mentiturque
521 1413 608 1490 fugae
629 1429 750 1472 causam
761 1433 780 1486 ;·
797 1411 871 1489 petit
892 1411 966 1472 urbe
987 1412 1033 1472 vel
1053 1429 1125 1488 agro

299 1531 331 1571 se
352 1511 440 1572 iuvet.
483 1513 565 1570 hunc
586 1519 690 1569 contra
711 1509 832 1588 placido
852 1508 1031 1571 Trachinius
1053 1529 1104 1570 ore

298 1609 408 1670 talibus
428 1607 617 1687 adloquitur:
647 1607 783 1668 ‘mediae
804 1625 926 1687 quoque
947 1610 1109 1670 commoda
1128 1609 1210 1687 plebi

298 1718 400 1768 nostra
420 1717 532 1786 patent,
556 1708 656 1781 Peleu,
679 1725 736 1767 nec
756 1705 909 1785 inhospita
929 1725 1020 1785 regna
1042 1716 1188 1768 tenemus.

298 1806 392 1867 adicis
413 1806 484 1866 huic
504 1805 606 1866 animo
627 1815 782 1866 momenta
802 1805 945 1885 potantia,
968 1807 1080 1866 clarum
1254 1817 1301 1880 285

298 1924 410 1965 nomen
432 1923 582 1982 avumque
604 1906 718 1964 Iovem.
762 1923 801 1965 ne
821 1915 957 1982 tempora
978 1905 1070 1982 perde
1090 1905 1260 1982 precando:

297 2005 381 2082 quod
402 2003 489 2081 petis,
510 2021 602 2062 omne
622 2004 718 2076 sares;
745 2013 856 2082 tuaque
878 2005 952 2064 haec
973 2023 1028 2083 pro
1049 2016 1132 2082 parte
1152 2014 1267 2076 vocato,

298 2100 529 2179 qualiacumque
548 2099 642 2161 vides.
685 2100 799 2161 utinam
822 2099 944 2162 meliora
964 2101 1098 2163 videres.’

298 2210 328 2260 et
349 2201 449 2260 flebat.
493 2210 611 2259 moveat
632 2210 731 2260 tantos
752 2219 830 2277 quae
851 2218 941 2260 causa
961 2201 1089 2274 dolores,

299 2299 466 2375 Peleusque
488 2296 674 2376 comitesque
694 2308 808 2376 rogant.
852 2298 961 2376 quibus
982 2298 1032 2360 ille
1052 2300 1202 2378 profatur:
1252 2325 1301 2374 290

299 2395 440 2456 ‘forsitan
460 2396 539 2456 hanc
560 2398 721 2470 volucrem,
744 2407 829 2476 rapto
851 2415 929 2475 quae
949 2397 1021 2460 vivit
1041 2409 1071 2459 et
1092 2416 1199 2458 omnes

298 2506 387 2555 terret
407 2513 486 2568 aves,
508 2512 627 2574 semper
647 2514 761 2575 pennas
783 2494 924 2557 habuisse
944 2495 1063 2574 putetis.
1253 2523 1299 2572 ηπ

298 2594 386 2654 frater
407 2604 470 2654 erat
491 2593 634 2670 belloque
654 2595 737 2655 ferox
757 2595 796 2655 ad
818 2593 939 2672 vimque
959 2605 1086 2672 paratus,
1255 2622 1300 2672 ²94

298 2692 421 2753 nomine
444 2690 623 2764 Daedalion,
645 2691 697 2752 illo
717 2691 852 2768 genitore
872 2701 997 2765 creatus,
1253 2720 1300 2772 ²95

298 2790 350 2868 qui
371 2799 459 2849 vocat
479 2792 627 2848 Auroram
648 2791 793 2868 caeloque
814 2789 994 2850 novissimus
1015 2789 1082 2851 exit.

298 2889 379 2948 culta
399 2885 473 2946 mihi
494 2905 552 2964 pax
572 2898 625 2960 est,
648 2887 731 2965 pacis
752 2887 826 2948 mihi
848 2907 918 2948 eura
939 2890 1088 2950 tenendae

298 2984 489 3062 coniugiique
510 2983 566 3045 mit
577 3005 585 3059 ;
613 2985 693 3044 fratri
714 2987 776 3046 fera
797 2987 876 3046 bella
896 2987 1066 3065 placebant.

298 3083 377 3144 illius
397 3082 489 3143 virtus
511 3101 594 3161 reges
615 3095 780 3162 gentesque
801 3084 927 3163 subegit,

298 3199 376 3259 quae
397 3199 479 3241 nunc
500 3180 666 3241 Thisbaeas
687 3181 779 3260 agitat
799 3193 914 3243 mutata
934 3183 1099 3244 columbas.

299 3291 369 3340 nata
390 3290 452 3340 erat
472 3278 543 3339 huic
565 3279 692 3352 Chione,
715 3298 793 3358 quae
814 3280 1000 3343 dotatissima
1020 3283 1115 3342 forma

299 3377 381 3438 mille
401 3396 509 3456 procos
530 3377 642 3450 habuit,
665 3377 712 3438 bis
733 3390 847 3457 septem
870 3379 980 3440 nubilis
1000 3379 1095 3440 annis.

299 3573 373 3650 quid
394 3572 544 3652 peperisse
565 3575 642 3634 duos
663 3584 694 3635 et
714 3574 761 3635 dis
781 3574 929 3652 placuisse
950 3576 1070 3637 duobus

299 3681 329 3739 et
350 3670 418 3730 sorti
438 3670 571 3756 genitore
592 3681 623 3731 et
643 3670 832 3754 progenitore
852 3672 958 3736 nitenti
1052 3755 1058 3767 ⁸
