2964 4366
390 326 811 390 METAMORPHOSEON
836 331 916 390 LIB.
940 331 984 390 x·1

185 492 380 572 inveniesque
400 505 453 555 tuo
475 512 528 572 pro
550 493 677 570 coniuge
698 493 833 572 coniugis
854 496 999 556 umbram.
1138 505 1190 557 660

186 593 228 652 nil
250 593 323 670 opis,
347 595 491 671 Alcyone,
514 591 602 653 nobis
624 603 674 654 tua
696 604 764 654 vota
785 594 936 654 tulerunt:

186 691 360 752 occidimus.
404 693 479 750 salso
500 690 554 750 tibi
576 711 625 751 me
646 691 818 770 promittere
839 691 908 752 noli.

186 789 307 850 nubilus
329 793 451 866 Aegaeo
472 789 631 868 deprendit
652 789 682 848 in
703 810 833 868 aequore
855 811 962 850 navem

187 891 305 961 Auster,
327 900 357 949 et
378 887 491 965 ingenti
512 887 652 948 iactatam
674 888 793 948 flamine
815 888 909 961 solvit,

186 1007 298 1064 oraque
319 997 428 1060 nostra,
451 998 535 1046 tuum
557 988 663 1046 frustra
684 987 843 1047 clamantia
864 1007 986 1062 nomen,

186 1085 347 1163 implerunt
369 1087 484 1145 fluctus.
528 1105 590 1144 non
611 1087 686 1146 haec
707 1085 761 1146 tibi
783 1085 900 1145 nuntiat
919 1098 1022 1146 auctor

186 1183 353 1262 ambiguus,
377 1203 439 1243 non
461 1182 517 1243 ista
538 1183 619 1260 vagis
640 1183 808 1244 rumoribus
821 1185 915 1256 audis
926 1207 934 1258 ς

186 1282 250 1360 ipse
269 1302 325 1360 ego
346 1284 406 1342 lata
427 1281 480 1343 tibi
502 1301 641 1360 praesens
664 1301 730 1343 mea
751 1284 909 1361 naufragus
930 1284 997 1344 edo.

186 1401 281 1460 surge,
304 1401 367 1459 age,
389 1382 429 1442 da
449 1371 594 1454 lacrimas
617 1379 812 1458 lugubriaque
833 1380 933 1455 indue,
956 1401 1012 1443 nec
1034 1401 1082 1442 me

186 1479 407 1558 indeploratum
430 1479 486 1538 sub
507 1477 608 1538 inania
628 1481 751 1538 Tartara
773 1477 875 1539 mitte'

146 1610 147 1613 ¹
187 1576 278 1639 adicit
299 1568 353 1637 his¹
367 1596 472 1637 vocem
495 1578 670 1654 Morpheus,
693 1596 783 1654 quam
805 1576 939 1654 coniugis
960 1577 1009 1638 illa

149 1677 152 1683 '
187 1678 320 1738 crederet
342 1696 406 1736 esse
428 1675 481 1738 sui.
525 1677 611 1737 fletus
633 1696 754 1754 quoque
775 1678 900 1736 fundere
921 1697 1006 1736 veros

187 1776 267 1837 visus
288 1786 358 1848 erat,
380 1766 559 1852 gestumque
581 1794 686 1834 manus
709 1774 815 1852 Ceycis
837 1775 974 1835 habebat.

189 1873 312 1953 ingemit
332 1874 478 1951 Alcyone,
501 1871 637 1932 lacrimas
659 1884 759 1934 movet
780 1883 871 1951 atque
893 1875 1018 1934 lacertos

188 1991 241 2049 per
261 1990 409 2043 somnum,
433 1989 602 2048 corpusque
623 1981 728 2047 petens
749 1969 939 2049 amplectitur
958 1991 1053 2043 auraS,

189 2071 394 2147 exclamatque
417 2072 532 2128 ‘mane¹
577 2052 638 2146 qiro
660 2079 689 2128 te
710 2067 812 2146 rapis?
839 2067 949 2128 ibimus
971 2072 1048 2129 uoa.’

189 2187 263 2228 voce
284 2187 338 2227 sua
359 2165 519 2244 specieque
540 2166 593 2226 viri
615 2167 732 2226 turbata
753 2187 891 2244 soporem

189 2265 311 2338 excutit,
333 2263 491 2342 et‘prim0,
514 2263 538 2324 si
560 2263 605 2338 sit,
629 2263 838 2344 circumspicit,
861 2265 929 2340 illic,

189 2361 240 2440 qui
263 2363 355 2422 modo
377 2363 456 2423 visus
478 2374 549 2422 erat.
591 2383 662 2422 nam
686 2362 759 2422 moti
781 2383 854 2424 voce
876 2362 1001 2423 ministri

189 2459 350 2520 intulerant
370 2463 480 2520 lumen.
524 2472 685 2539 postquam
705 2481 768 2521 non
789 2461 903 2522 invenit
924 2481 1059 2538 usquam,

190 2557 317 2635 percutit
338 2577 390 2617 ora
411 2577 513 2633 manu,
534 2558 686 2637 laniatque
706 2580 724 2619 a
745 2570 867 2637 pectore
887 2571 992 2632 vestes,

189 2666 370 2734 pectoraque
392 2655 456 2735 ipsa
477 2656 550 2716 serit.
595 2677 650 2717 nec
672 2657 768 2717 crines
789 2659 903 2717 solvere
924 2669 1015 2731 curat,

190 2753 309 2826 scindit,
331 2766 361 2814 et
382 2753 485 2828 altrici,
509 2775 586 2832 quae
607 2757 705 2815 luctus
727 2775 824 2829 causa,
847 2755 962 2833 roganti

192 2854 292 2912 ‘nulla
313 2863 359 2912 est
379 2854 523 2930 Alcyone,
546 2856 628 2914 nulla
649 2856 712 2914 est'
733 2853 782 2914 ait.
827 2853 955 2915 ‘occidit
976 2875 1036 2915 una

190 2970 260 3010 cum
282 2951 381 3027 Ceyce
403 2971 467 3011 suo.
510 2952 637 3012 solantia
658 2952 752 3012 tollite
773 2953 871 3013 verba.
1146 2963 1194 3028 685

190 3051 349 3126 naufragus
370 3048 487 3110 interiit.
531 3049 592 3110 vidi
613 3050 782 3128 agnovique
803 3071 969 3129 manusque
1064 3040 1067 3052 ¹

189 3149 230 3207 ad
251 3146 467 3220 discedentem,
491 3147 616 3226 cupiens
637 3148 772 3222 retinere,
795 3149 917 3209 tetendi.

191 3245 297 3307 umbra
318 3245 381 3306 fuit.
425 3247 478 3306 sed
500 3257 530 3306 et
552 3245 658 3306 umbra
679 3257 780 3307 tamen
802 3247 958 3307 manifesta
979 3245 1093 3324 virique
1178 3241 1182 3248 ’

190 3363 259 3406 vera
280 3343 347 3404 mei.
392 3363 454 3405 non
475 3343 525 3404 ille
546 3344 678 3423 quidem,
701 3345 726 3404 si
746 3344 873 3422 quaeriS,
895 3344 1025 3406 habebat

189 3444 332 3502 adsuetos
353 3443 451 3502 vultus
473 3461 539 3516 nec,
561 3462 623 3520 quo
644 3441 734 3520 prius,
756 3462 807 3502 ore
828 3443 950 3503 nitebat.
1145 3451 1197 3516 690

190 3540 353 3618 pallentem
374 3541 550 3617 nudumque
571 3552 601 3601 et
621 3542 722 3600 adhuc
743 3551 865 3601 umente
885 3541 994 3618 capillo
1083 3603 1085 3606 .

191 3637 295 3698 infelix
315 3622 384 3698 vidi.
428 3641 509 3699 stetit
531 3641 590 3699 hoc
611 3638 786 3699 miserabilis
807 3638 873 3716 ipso

189 3756 262 3798 ecce
283 3737 367 3796 loco’
389 3748 418 3796 et
439 3737 555 3813 quaerit
577 3737 700 3814 vestigia
721 3736 807 3815 siqua
828 3737 983 3816 supersint.

1056 3848 1072 3883 C
1086 3850 1098 3884 2
