2964 4366
397 1044 441 1129 P.
485 1012 687 1130 ovror'
711 1045 987 1132 NASONIS

305 1258 1076 1347 naramonnnosaon

489 1491 619 1550 LIBER
640 1491 896 1554 VNDECIMVS

190 1644 347 1705 Canutius
367 1646 441 1707 dum
462 1646 513 1708 tali
534 1646 622 1709 silvas
642 1647 819 1728 animosque
839 1651 967 1712 serarum

189 1742 345 1804 Threicius
367 1755 449 1806 vates
471 1756 501 1806 et
522 1765 592 1806 saxa
612 1747 769 1825 sequentia
789 1748 880 1822 ducit,

189 1860 260 1901 ecce
281 1860 373 1902 nurus
395 1842 552 1918 Ciconum,
576 1855 672 1906 tectae
693 1847 845 1924 lymphata
865 1845 966 1907 ferinis

188 1950 309 2016 pectora
330 1940 496 2014 velleribus,
520 1941 627 2003 tumuli
647 1943 686 2004 de
707 1942 816 2005 vertice
837 1954 963 2005 cernunt

189 2037 311 2116 Orphea
331 2025 478 2118 percussis
499 2040 663 2102 sociantem
685 2041 816 2102 cannina
836 2040 941 2104 nervis.

188 2155 205 2195 e
226 2134 341 2214 quibus,
358 2158 434 2211 upa·
448 2140 528 2199 leves
548 2137 658 2200 iactato
679 2139 760 2200 crine
780 2161 833 2218 per
853 2161 947 2214 auras,

124 2313 126 2316 Ι
189 2235 264 2306 ‘en‚¹
284 2234 404 2320 aitjf‘ffen
426 2235 475 2298 hic
497 2247 542 2298 est
564 2236 657 2298 nostri
679 2240 889 2318 contemptor,’
910 2250 940 2300 et
960 2240 1076 2300 hastam

187 2331 262 2392 vatis
282 2333 435 2413 Apollinei
455 2334 570 2396 vocalia
590 2334 670 2396 misit
690 2335 722 2396 in
743 2357 795 2398 ora
805 2359 814 2412 3

187 2451 264 2509 quae
285 2431 364 2493 soliis
384 2444 522 2510 praesuta
542 2445 646 2495 notam
667 2433 731 2496 sine
752 2438 873 2499 vulnere
893 2435 972 2498 lecit.

187 2529 313 2615 alterius
327 2532 420 2592 telum
442 2531 517 2610 lapis
538 2544 583 2594 est
594 2554 603 2607 3
630 2532 682 2611 qui
704 2532 811 2595 missus
832 2534 863 2594 in
884 2533 951 2612 ipso
1161 2556 1192 2592 10

186 2649 255 2689 aere
275 2640 425 2690 concentu
446 2629 541 2692 victus
562 2629 704 2710 vocisque
725 2634 864 2711 lyraeque
885 2643 937 2705 est,

186 2747 222 2788 ac
242 2727 335 2789 veluti
355 2731 481 2808 supplex
501 2750 556 2809 pro
577 2741 638 2792 tam
659 2729 814 2792 furialibus
834 2730 914 2792 ausis

186 2828 370 2906 antepedes
391 2826 490 2889 iacuit.
534 2830 588 2890 sed
609 2828 690 2891 enim
712 2828 867 2892 temeraria
887 2840 1025 2891 crescunt

188 2925 273 2998 bella,
297 2927 466 3005 modusque
486 2927 568 3000 abiit,
591 2927 756 3007 insanaque
776 2938 878 3007 regnat
900 2926 1014 3004 Erinys.

186 3035 355 3103 cunctaque
376 3027 435 3086 tela
456 3028 553 3087 sorent
574 3037 664 3088 cantu
685 3026 819 3089 mollita:
847 3028 901 3089 sed
922 3026 1026 3104 ingens
1159 3049 1190 3098 15

186 3123 299 3183 clamor
320 3134 350 3183 et
371 3123 497 3187 infracto
519 3123 695 3202 Berecyntia
716 3123 789 3185 tibia
809 3145 903 3185 cornu

186 3230 388 3298 tympanaque
409 3232 438 3283 et
459 3223 581 3300 plausus
602 3233 632 3284 et
653 3221 783 3284 Bacchei
804 3225 932 3284 ululatus

186 3317 379 3396 obstrepuere
401 3340 477 3382 sono
498 3319 636 3382 citharae.
680 3331 744 3381 tum
765 3320 896 3400 denique
917 3341 987 3382 saxa

185 3439 248 3480 non
269 3419 400 3481 exauditi
421 3422 585 3482 rubuerunt
606 3421 750 3500 sanguine
770 3421 853 3483 vatis.

185 3537 220 3577 ac
242 3518 372 3595 primum
393 3518 534 3582 attonitas
555 3518 720 3581 etiamnum
741 3540 815 3581 voce
835 3518 970 3580 canentis
1158 3542 1190 3577 πο

185 3613 357 3676 innumeras
378 3618 513 3678 volucres
534 3637 706 3696 anguesque
727 3637 895 3697 agmenque
916 3618 1043 3679 serarum

189 3716 354 3776 Maenades
377 3715 491 3795 Orphei
512 3715 631 3780 titulum
652 3735 775 3796 rapuere
796 3715 911 3778 theatri.

143 3859 150 3877 ι
173 3843 182 3871 -,
220 3825 262 3862 ον.
277 3825 337 3863 uir.
352 3828 380 3862 :n
