2964 4366
541 300 548 316 .
625 235 806 296 novun
830 233 1012 297 ursonis

316 400 387 466 inde
408 403 568 465 cruentatis
590 416 742 467 vertuntur
762 403 794 465 in
815 405 937 483 Orphea
958 403 1067 466 dextris

317 512 347 562 et
367 513 477 563 coeunt
499 513 532 563 ut
552 523 630 575 aves,
654 475 837 594 siquando
844 503 912 565 luce
932 514 1089 581 vagantem

317 600 413 661 noctis
434 621 520 662 avem
542 612 676 662 cernunt.
720 612 893 679 structoque
914 601 1064 680 utrimque
1083 603 1200 710 theatro
1288 626 1317 675 ²5

316 719 373 760 ceu
393 697 540 759 matutina
559 720 665 760 cervus
686 698 832 778 periturus
854 700 966 760 harena

315 799 427 875 praeda
447 818 556 858 canum
578 808 631 871 est,
654 808 814 875 vatemque
835 807 942 875 petunt
963 809 992 858 et
1013 798 1120 858 fronde
1140 796 1268 858 virentes

315 895 469 956 coniciunt
490 897 614 973 thyrsos,
638 915 700 955 non
721 896 796 955 haec
817 894 848 955 in
870 915 995 956 munera
1015 897 1129 970 lactos;

316 995 373 1054 hae
393 993 521 1072 glaebas,
545 993 613 1054 illae
634 993 766 1072 direptos
788 994 893 1055 arbore
914 1013 1020 1067 ramos

315 1112 383 1170 pars
404 1103 545 1170 torquent
566 1091 671 1153 silices.
715 1112 774 1152 neu
796 1091 895 1153 desint
916 1094 975 1152 tela
995 1091 1093 1166 furori,
1288 1113 1320 1161 30

316 1191 392 1252 forte
413 1190 505 1252 boves
526 1211 629 1269 presso
650 1191 829 1270 subigebant
850 1211 970 1252 vomere
991 1203 1108 1267 terram,

315 1309 372 1350 nec
393 1291 498 1366 procul
518 1289 589 1350 hinc
610 1291 705 1350 multo
726 1291 854 1350 fructum
876 1290 986 1351 sudore
1005 1301 1143 1368 parantes
1234 1294 1246 1314 Χ

316 1389 390 1449 dura
411 1388 548 1450 lacertosi
568 1388 723 1449 fodiebant
744 1408 814 1448 arva
834 1387 942 1449 coloni.

315 1485 434 1565 agmine
455 1486 506 1564 qui
527 1485 592 1547 viso
613 1485 737 1564 lugiunt,
760 1485 918 1565 operisque
939 1485 1111 1565 relinquunt

315 1604 398 1645 arma
418 1583 473 1659 sui,
495 1605 666 1663 vacuosque
687 1584 786 1645 iacent
806 1584 941 1662 dispersa
961 1605 1014 1663 per
1033 1606 1119 1663 agros
1289 1611 1318 1661 ³5

316 1685 490 1761 sarculaque
511 1682 655 1761 rastrique
675 1703 777 1761 graves
798 1682 940 1762 longique
960 1682 1082 1761 ligones.

316 1802 394 1860 quae
414 1792 574 1860 postquam
596 1802 719 1860 rapuere
740 1783 828 1855 ferae,
851 1802 1005 1860 comuque
1027 1780 1158 1843 minaces

237 1883 243 1949 ἓ
315 1878 463 1941 divulsere
484 1879 585 1953 boves,
606 1881 645 1941 ad
667 1879 741 1940 vatis
762 1881 822 1940 lata
843 1891 1014 1955 recurrunt3

316 1979 552 2056 tendentemque
573 1998 680 2039 manus
700 1990 791 2056 atque
812 1978 863 2038 illo
885 1989 1019 2056 tempore
1041 1978 1169 2057 primum

315 2075 403 2137 inrita
423 2075 573 2138 dicentem
596 2096 652 2136 nec
673 2076 834 2155 quicquam
856 2097 930 2137 voce
952 2088 1122 2138 moventem
1286 2101 1319 2150 40

316 2175 474 2255 sacrilegae
495 2175 664 2255 perimunt3
692 2196 868 2255 perquem,
891 2197 946 2255 pro
968 2176 1110 2256 Iuppiter,
1134 2176 1208 2238 illud

315 2273 451 2336 auditum
474 2273 550 2334 saxis
570 2273 817 2352 intellectumque
837 2276 965 2335 ferarum

316 2372 453 2435 sensibus
474 2373 505 2433 in
526 2383 631 2434 ventos
652 2374 752 2433 anima
772 2375 908 2434 exhalata
927 2373 1056 2434 recessit.

356 2474 402 2533 Te
424 2483 554 2533 maestae
574 2475 717 2545 volucres,
740 2473 873 2551 Orpheu,
897 2483 926 2532 te
947 2472 1034 2532 turba
1054 2473 1190 2545 serarum,

316 2583 345 2631 te
366 2569 452 2649 rigidi
473 2569 578 2645 silices
602 2582 631 2631 te
652 2570 784 2631 carmina
804 2590 893 2649 saepe
914 2582 1033 2631 secutae
1287 2595 1319 2644 45

316 2671 460 2731 fleverunt
481 2668 580 2742 silvae,
604 2668 709 2748 positis
731 2680 761 2729 te
782 2668 938 2730 frondibus
959 2670 1047 2731 arbor

316 2781 403 2830 tonsa
423 2789 543 2829 comam
565 2768 646 2843 luxit.
690 2767 818 2828 lacrimis
840 2788 961 2846 quoque
982 2767 1107 2829 flumina
1127 2769 1233 2829 dicunt

316 2867 475 2929 increvisse
496 2866 565 2940 suis,
589 2867 776 2945 obscuraque
798 2867 922 2927 carbasa
942 2869 1024 2944 pullo

316 2965 431 3027 Naides
452 2977 481 3027 et
504 2967 640 3043 Dryades
661 2985 825 3044 passosque
843 2965 978 3026 habuere
1000 2965 1131 3043 capillos.

316 3063 480 3125 membra'
472 3075 571 3125 iacent
592 3063 709 3125 diversa
729 3063 810 3125 locis
855 3074 953 3141 caput,
977 3063 1090 3138 Hebre‚
1113 3066 1300 3143 lyramque
1291 3089 1322 3126 so

317 3162 446 3241 excipis:
465 3140 537 3254 let(
525 3161 661 3242 (mirum)
650 3161 785 3242 )medio
806 3163 878 3224 dum
901 3161 1009 3222 labitur
1029 3183 1126 3236 amne,

317 3260 416 3323 flebile
437 3261 615 3341 nescioquid
637 3261 769 3340 queritur
789 3263 858 3339 lyra
882 3261 981 3323 flebile
1001 3261 1102 3340 lingua

317 3372 480 3421 murmurat
501 3360 654 3435 exanimis,
676 3361 859 3439 respondent
880 3359 1023 3422 flebile
1000 3381 1090 3439 ripae.

316 3457 437 3539 iamque
459 3480 539 3520 mare
560 3459 695 3520 invectae
716 3460 828 3520 flumen
850 3461 994 3538 populare
1015 3459 1193 3539 relinquunt,

316 3570 347 3619 et
368 3560 599 3636 Methymnaeae
620 3557 774 3636 potiuntur
794 3557 879 3619 litore
901 3558 1001 3619 Lesbi.
1289 3585 1321 3635 55

316 3656 365 3717 hic
386 3658 465 3718 ferus
486 3656 652 3735 expositum
675 3655 835 3736 peregrinis
856 3658 961 3736 anguis
982 3656 1100 3718 harenis
