2964 4366
597 309 629 367 P.
652 307 776 369 OVIDI
800 303 981 367 NASONIS
1077 352 1080 356 .

290 471 421 548 Somnia,
444 491 521 553 quae
542 492 625 533 veras
646 483 776 551 aequent
797 471 962 532 imitamine
983 472 1101 543 formas,

291 573 442 634 Herculea
462 571 612 633 Trachine
634 570 705 633 iube
726 571 782 631 sub
803 570 932 648 imagine
952 569 1029 648 regis

291 671 447 748 Alcyonen
468 671 586 743 adeant,
609 669 826 748 simulacraque
846 667 989 746 naufraga
1009 670 1129 747 fingant.

291 767 416 848 imperat
437 769 495 830 hoc
517 770 615 829 Iuno!
657 779 816 847 postquam
838 769 980 828 mandata
1000 767 1121 846 peregit,

292 866 347 928 lris
368 866 452 943 abit;
479 887 578 945 neque
599 866 679 928 enim
701 865 823 927 ulterius
844 868 969 928 tolerare
990 866 1106 944 vaporis
1246 872 1297 934 630

292 965 351 1028 vim
373 976 497 1046 poterat,
519 965 640 1045 labique
662 977 694 1027 ut
716 986 856 1027 somnum
877 965 969 1026 sensit
990 965 1021 1024 in
1041 977 1130 1038 artus,

292 1063 394 1144 effugit
415 1075 445 1126 et
465 1075 578 1125 remeat
597 1084 650 1144 per
671 1083 747 1142 quos
769 1064 860 1126 modo
880 1074 1001 1124 venerat
1021 1083 1115 1123 arcus.

333 1165 374 1224 At
395 1173 478 1243 pater
499 1183 515 1224 e
536 1165 649 1242 populo
670 1173 808 1223 natorum
830 1163 910 1223 mille
931 1182 1053 1222 suorum

292 1259 401 1324 excitat
421 1261 563 1323 artificem
585 1261 848 1341 simulatoremque
869 1263 979 1338 figurae

295 1360 450 1438 Morphea.
494 1379 555 1420 non
576 1359 627 1419 illo
648 1359 806 1438 quisquam
828 1359 974 1422 sollertius
994 1362 1069 1421 alter
1246 1365 1297 1430 ⁶35

294 1456 431 1538 exprimit
451 1457 584 1519 incessus
604 1459 779 1537 vultumque
801 1477 970 1536 sonumque
989 1456 1142 1536 loquendi.

294 1555 386 1618 adicit
406 1566 435 1618 et
456 1566 552 1618 vestes
574 1567 604 1616 ct
624 1555 851 1617 consuetissima
871 1555 980 1634 cuique

295 1655 393 1718 verba.
436 1656 489 1716 sed
511 1652 560 1714 hic
581 1655 661 1714 solos
682 1653 821 1715 homines
841 1653 993 1728 imitatur3
1021 1665 1052 1714 at
1072 1656 1146 1714 alter

296 1754 329 1814 lit
350 1754 418 1828 iera,
442 1755 474 1814 lit
495 1752 632 1826 volucria,
654 1755 687 1813 fit
707 1755 799 1831 longo
820 1771 944 1831 corpore
965 1773 1094 1832 serpens.

296 1852 377 1912 hunc
400 1852 502 1912 Icelon
525 1849 631 1929 superi,
655 1845 779 1911 mortale
802 1850 972 1912 Phobetora
992 1853 1097 1928 vulgus
1249 1857 1300 1919 640

297 1946 440 2010 nominat.
484 1958 528 2008 est
549 1947 639 2009 etiam
660 1947 793 2009 diversae
815 1947 917 2008 tertius
937 1949 1008 2008 artis

300 2047 464 2108 Phantasos
476 2067 484 2120 ;
506 2044 555 2107 ille
569 2044 600 2106 in
615 2047 740 2107 humum
752 2066 916 2124 saxumque
927 2049 1100 2125 undamque
1114 2045 1298 2122 trabemque,

298 2164 435 2224 quaeque
457 2155 562 2206 vacant
583 2144 683 2206 anima
704 2145 846 2206 fallaciter
865 2144 968 2205 omnia
988 2145 1099 2206 transit.

298 2244 416 2323 regibus
436 2242 469 2304 hi
489 2242 677 2321 ducibusque
698 2262 767 2304 suos
788 2245 946 2304 ostendere
967 2246 1065 2304 vultus

299 2354 388 2406 nocte
410 2345 515 2416 solent,
538 2344 666 2422 populos
685 2341 734 2401 alii
755 2330 935 2420 plebemque
956 2352 1114 2420 pererrant.
1252 2350 1303 2416 ⁶45

299 2442 437 2522 praeterit
458 2443 513 2502 hos
534 2443 642 2516 senior,
663 2440 838 2519 cunctisque
859 2461 876 2502 e
896 2441 1034 2501 fratribus
1056 2459 1149 2500 unum

301 2542 456 2619 Morphea,
479 2540 531 2618 qui
552 2550 672 2618 peragat
692 2538 933 2600 Thaumantidos
954 2538 1042 2614 edita,
1065 2541 1195 2599 Somnus

300 2638 398 2718 cligit;
426 2649 456 2700 et
477 2657 575 2699 rursus
597 2638 680 2698 molli
700 2640 842 2716 languore
863 2639 977 2698 solutus

300 2736 500 2818 deposuitque
520 2747 619 2815 caput,
641 2747 793 2814 stratoque
814 2734 982 2797 recondidit
1002 2739 1070 2797 alto.

301 2836 350 2898 ille
372 2837 452 2896 volat
473 2836 571 2895 nullos
593 2834 731 2913 strepitus
753 2833 930 2895 facientibus
952 2833 1005 2894 alis
1253 2841 1305 2907 650

302 2955 354 3014 per
375 2934 522 3006 tenebras,
544 2933 680 3011 intraque
702 2952 803 2995 morae
824 2934 914 2994 breve
935 2944 1053 3010 tempus
1075 2933 1105 2992 in
1127 2933 1231 2994 urbem

303 3031 435 3112 pervenit
458 3031 670 3106 Haemoniam,
693 3031 857 3110 positisque
878 3052 895 3092 e
916 3051 1040 3110 corpore
1061 3031 1167 3110 pennis

302 3129 461 3192 infaciem
483 3129 590 3207 Ceycis
610 3129 691 3205 abit;
720 3141 898 3207 sumptaque
920 3133 1012 3208 figura

303 3230 424 3304 luridus,
448 3228 576 3289 exanimi
597 3228 709 3302 similis,
733 3228 797 3289 sine
818 3229 950 3289 vestibus
972 3228 1047 3303 ullis,

304 3327 439 3405 coniugis
460 3337 530 3387 ante
550 3337 648 3386 torum
671 3327 795 3387 miserae
816 3326 904 3387 stetit.
949 3329 1009 3387 uda
1029 3327 1146 3386 videtur
1255 3336 1306 3400 655

305 3426 397 3487 barba
419 3424 480 3499 viri,
504 3424 692 3502 madidisque
712 3425 807 3504 gravis
829 3427 919 3486 fluere
940 3427 1022 3486 unda
1043 3424 1164 3503 capillis.

305 3536 369 3586 tum
391 3527 469 3585 lecto
490 3524 676 3598 incumbens,
699 3526 769 3584 fletu
792 3543 881 3602 super
900 3544 953 3584 ora
973 3525 1081 3596 refuso,
1118 3579 1120 3582 .

307 3625 381 3684 haec
401 3623 460 3682 ait:
491 3621 643 3700 ‘agnoscis
666 3623 773 3700 Ceyca,
796 3621 928 3682 iserrima
949 3621 1103 3682 coniunx?

306 3743 345 3784 an
367 3741 434 3784 mea
456 3732 568 3782 mutata
589 3731 634 3784 est
654 3723 744 3781 facies
766 3723 862 3780 nece?
890 3721 1002 3798 respice
1014 3743 1021 3794 ;
1055 3740 1170 3792 nosces,
