2964 4366
400 307 819 370 METAMORPHOSEON
845 310 925 368 LIB.
948 310 994 368 XI

193 473 299 532 obruta
320 471 411 534 verba
431 472 529 546 refert,
550 471 727 550 dominique
747 470 880 551 coarguit
901 491 994 534 aures.

233 571 321 630 Vltus
342 569 404 631 abit
425 572 544 644 Tmolo,
568 569 777 649 liquidumque
797 591 850 650 per
870 591 938 632 aera
959 582 1061 632 vectus

192 680 351 749 angustum
373 671 445 730 citra
466 681 593 749 pontum
616 669 821 748 Nepheleidos
843 670 948 730 Helles
1150 694 1195 745 ¹95
1238 727 1244 750 ,Ι

194 767 427 830 Laomedonteis
448 766 571 829 Latoius
592 767 705 830 adstitit
725 767 810 829 arvis.

191 870 313 930 dextera
334 865 422 946 Sigei,
445 866 575 928 Rhoetei
596 869 679 928 laeva
699 866 840 946 profundi

191 986 242 1029 ara
263 968 478 1046 Panomphaeo
499 977 584 1028 vetus
606 977 651 1027 est
672 976 786 1027 sacrata
806 965 946 1027 Tonanti.

191 1065 263 1128 inde
284 1085 380 1128 novae
400 1064 530 1145 primurn
551 1065 647 1127 moliri
670 1065 790 1128 moenia
811 1063 919 1126 Troiae

192 1166 400 1227 Laomedonta
421 1163 510 1239 videt,
533 1175 733 1244 susceptaque
754 1182 862 1242 magna
883 1163 985 1225 labore
1147 1188 1195 1226 roo

190 1283 323 1326 crescere
344 1262 464 1336 difficili,
488 1282 544 1325 nec
566 1281 639 1341 opes
660 1280 822 1342 exposcere
842 1281 964 1340 parvas:

190 1381 321 1442 cumque
341 1361 534 1440 tridentigero
555 1359 663 1424 tumidi
683 1361 817 1440 genitore
837 1361 978 1439 profundi

191 1462 347 1522 mortalem
368 1459 501 1522 induitur
521 1461 646 1521 sormam
670 1457 875 1538 Phrygiaeque
895 1469 1021 1536 tyranno

189 1558 328 1620 aedificat
349 1577 460 1634 muros,
482 1569 586 1638 pactus
608 1575 662 1636 pro
684 1556 844 1618 moenibus
865 1576 978 1618 aurum.

190 1659 286 1719 stabat
307 1676 402 1736 opus:
431 1655 558 1736 pretium
580 1675 630 1718 rex
651 1655 801 1730 infitiatur,
825 1666 855 1717 et
876 1654 968 1728 addit,
1147 1682 1192 1732 205

189 1754 331 1835 perfidiae
352 1757 515 1829 cumulum,
538 1754 618 1816 falsis
640 1753 767 1834 periuria
788 1752 893 1816 verbis.
972 1781 975 1788 ·

191 1860 269 1917 ‘non
291 1853 415 1932 impune
437 1853 527 1915 leres’
550 1864 646 1916 rector
667 1851 756 1914 maris
777 1850 882 1930 inquit,
906 1862 935 1912 et
956 1870 1061 1912 omnes

188 1951 341 2014 inclinavit
361 1971 456 2032 aquas
477 1953 516 2013 ad
537 1971 641 2014 avarae
663 1950 750 2013 litora
769 1949 885 2012 Troiae.

188 2051 279 2131 inque
300 2050 365 2112 lreti
387 2051 513 2112 sormam
535 2061 625 2112 terras
646 2048 815 2129 complevit,
838 2068 971 2129 opesque

189 2150 311 2212 abstulit
331 2148 468 2229 agricolis
489 2160 519 2212 et
540 2149 680 2212 fluctibus
701 2150 800 2210 obruit
821 2167 915 2228 agros.
1144 2174 1193 2210 κιο

187 2267 286 2327 poena
307 2267 406 2329 neque
427 2249 502 2310 haec
523 2247 593 2310 satis
615 2259 660 2311 est
672 2270 681 2324 ;
708 2247 784 2326 regis
806 2266 928 2326 quoque
949 2246 1009 2308 filia
1030 2259 1164 2309 monstro

187 2347 319 2426 poscitur
338 2365 497 2427 aequoreo.
540 2366 631 2425 quam
652 2348 726 2408 dura
746 2347 786 2408 ad
807 2367 877 2408 saxa
897 2348 1060 2408 revinctam

186 2446 317 2509 vindicat
338 2445 469 2522 Alcides,
491 2446 696 2525 promissaque
717 2465 841 2508 munera
860 2444 927 2508 dios

186 2547 283 2626 poscit
304 2564 420 2625 equos3
447 2544 582 2625 tantique
602 2544 700 2625 operis
722 2545 861 2606 mercede
881 2554 987 2622 negata

186 2644 232 2706 bis
253 2643 369 2723 periura
390 2645 470 2722 capit
490 2654 646 2723 superatae
668 2643 787 2706 moenia
808 2641 925 2704 Troiae.

186 2760 243 2804 nec
263 2761 330 2822 pars
352 2740 483 2815 militiae,
505 2742 661 2816 Telamon,
684 2740 749 2803 sine
770 2742 885 2803 honore
906 2738 1036 2813 recessit,

187 2840 384 2920 Hesioneque
405 2841 475 2902 data
495 2839 614 2919 potitur.
659 2859 728 2900 nam
750 2837 878 2917 coniuge
900 2838 1006 2900 Peleus

185 2939 281 3000 clarus
302 2949 364 3000 erat
385 2938 462 3000 diva.
506 2957 563 3000 nec
584 2936 631 3000 avi
653 2937 746 3015 magis
768 2937 818 2997 ille
839 2935 972 3014 superbit

185 3039 308 3100 nomine
329 3057 420 3117 quam
442 3036 556 3112 soceri;
583 3035 731 3114 siquidem
755 3037 838 3112 Iovis¹
857 3053 922 3096 esse
944 3033 1046 3112 nepoti
1113 3023 1116 3030 ’

185 3135 309 3215 contigit
330 3136 412 3197 haud
433 3134 495 3211 uni,
517 3133 647 3197 coniunx
668 3136 726 3196 dea
746 3135 871 3212 contigit
893 3131 952 3193 uni.

227 3333 308 3395 Felix
329 3344 359 3394 et
381 3343 460 3407 nato,
484 3331 553 3394 felix
573 3343 604 3393 et
625 3331 752 3410 coniuge
775 3332 889 3404 Peleus,

184 3444 213 3494 et
235 3431 292 3507 cui,
315 3431 340 3492 si
361 3431 465 3493 demas
486 3428 610 3510 iugulati
630 3428 755 3490 crimina
777 3427 880 3502 Phoci,

184 3530 286 3591 omnia
306 3529 500 3608 contigerant.
544 3530 673 3589 fraterno
695 3525 839 3606 sanguine
861 3536 980 3614 sontem

183 3630 401 3708 expulsumque
422 3628 515 3689 domo
536 3625 630 3706 patria
650 3624 812 3687 Trachinia
833 3625 919 3686 tellus

183 3726 301 3807 accipit.
344 3726 393 3787 hic
415 3745 539 3806 regnum
561 3725 625 3791 sine
646 3724 684 3799 vi,
707 3725 771 3786 sine
792 3724 885 3784 caede
906 3723 1026 3800 regebat
