2964 4366
610 263 641 324 Ρ,
666 263 792 324 OVIDI
814 265 996 326 NASONIS

300 435 445 494 maculae
464 449 570 510 cepere
591 431 728 508 Phryges,
751 429 946 509 sinodumque
964 433 1085 494 coronis

298 533 339 592 ad
359 547 459 608 regent
480 531 592 590 duxere
612 529 729 604 Midan,
750 531 800 588 cui
819 529 966 590 Thracius
986 531 1127 608 Orpheus

299 631 380 708 orgia
401 628 563 690 tradiderat
581 647 652 688 curn
673 627 820 706 Cecropio
842 628 1003 706 Eumolpo.

300 729 349 806 qui
372 727 459 787 simul
481 729 602 806 agnovit
622 729 738 786 socium
758 728 960 804 comitemque
982 747 1144 802 sacrorum,

300 825 425 904 hospitis
445 827 575 886 adventu
599 825 707 886 festum
729 827 883 903 genialiter
902 827 963 902 egit
1269 855 1305 903 95

299 943 353 1003 per
373 923 419 985 bis
439 923 573 1002 quinque
594 923 659 984 dies
680 937 711 984 et
732 926 847 984 mnam
868 924 975 984 ordine
995 939 1110 986 noctes.

298 1035 329 1084 et
350 1023 409 1084 iarn
431 1023 581 1084 stellarum
602 1023 732 1082 sublime
750 1037 889 1101 coegerat
908 1043 1018 1102 agmen

301 1119 420 1182 lucifer
440 1121 626 1194 undecimus,
649 1121 751 1198 Lydos
771 1140 842 1182 ctam
863 1123 958 1183 laetus
979 1123 1011 1183 in
1031 1143 1117 1201 agros

299 1239 349 1282 ren
369 1221 460 1294 venit,
481 1231 512 1280 et
532 1219 631 1280 iuveni
653 1219 787 1280 Silenum
808 1221 907 1282 reddit
926 1224 1062 1282 alumno.

299 1317 369 1380 huic
390 1317 465 1380 deus
486 1317 609 1396 optandi
631 1331 756 1396 gratum
778 1319 832 1380 sed
853 1319 968 1395 inutile,
989 1321 1059 1382 iecit

300 1419 431 1480 muneris
450 1415 613 1490 arbitrium,
634 1417 769 1494 gaudens
789 1419 884 1479 abore
904 1431 1036 1496 recepto.

299 1515 356 1590 ille,
379 1517 457 1576 male
478 1535 584 1576 usurus
605 1515 704 1590 donis,
724 1515 767 1576 ait
789 1518 892 1578 ‘effice
913 1517 1059 1596 quicquid

298 1633 423 1696 corpote
443 1615 596 1694 contigero
616 1617 731 1676 fulvum
751 1629 882 1678 vertatur
902 1617 933 1677 in
953 1621 1079 1678 aurum'

298 1713 403 1776 adnuit
423 1715 541 1792 optatis,
564 1713 759 1792 nocituraque
779 1733 904 1776 munera
923 1716 1012 1776 solvit

300 1811 397 1888 Liber,
420 1825 450 1875 et
471 1811 608 1886 indoluit,
629 1813 713 1891 quod
733 1833 795 1874 non
818 1815 941 1875 meliora
960 1815 1092 1893 petisset

298 1911 393 1973 laetus
413 1909 476 1971 abit
495 1910 665 1989 gaudetque
685 1911 766 1972 malo
787 1913 980 1990 Berecyntius
1001 1915 1098 1987 heros

298 2007 483 2090 pollicitique
505 2009 594 2072 iidem
616 2010 769 2089 tangendo
789 2009 906 2089 singula
926 2023 1062 2090 temptat.

298 2107 406 2187 vixque
428 2107 484 2170 sibi
506 2107 640 2181 credens,
662 2127 724 2170 non
745 2109 805 2170 alta
826 2110 932 2171 fronde
953 2109 1098 2172 ruentem

298 2206 365 2269 ilice
386 2205 512 2270 detraxit
531 2205 661 2286 virgam:
689 2205 769 2285 virga
789 2225 879 2270 aurea
900 2210 977 2270 iacta
997 2221 1051 2270 est.

298 2307 376 2368 tollit
397 2305 490 2367 humo
511 2323 635 2367 saxum:
664 2323 767 2366 saxum
788 2325 911 2384 quoque
932 2306 1036 2385 palluit
1056 2328 1139 2368 auro.
1255 2333 1303 2369 110

298 2403 423 2484 contigit
443 2415 473 2467 et
493 2403 651 2484 glaebam:
679 2415 820 2466 contactu
841 2405 947 2482 glaeba
967 2409 1082 2483 potenti

298 2521 397 2565 masaa
417 2503 458 2564 lit.
500 2513 617 2566 arentes
638 2502 754 2566 Cereris
775 2502 923 2582 decerpsit
943 2503 1064 2566 aristas:

298 2623 387 2664 autea
408 2601 512 2664 messia
534 2614 604 2664 erat.
645 2603 802 2680 demptum
823 2613 906 2664 tenet
926 2603 1031 2664 arbore
1052 2624 1196 2683 pomum:

300 2699 484 2781 Hesperidas
505 2699 634 2763 donasse
655 2711 749 2780 putes.
793 2699 818 2762 si
839 2699 975 2778 postibus
995 2701 1062 2764 altis

298 2799 431 2862 admovit
452 2797 568 2878 digitos,
591 2809 692 2878 postes
713 2797 826 2862 radiare
847 2797 993 2862 videntur.

298 2897 346 2960 ille
368 2895 457 2960 eliam
478 2897 599 2976 liquidis
619 2899 733 2976 palmas
754 2897 806 2959 ubi
827 2898 937 2960 laverat
958 2899 1056 2974 undis,

298 2995 380 3058 unda
401 2995 496 3058 fluens
517 2994 623 3074 palmis
646 2997 772 3058 Danaen
794 2997 914 3058 eludere
935 3009 1044 3076 posset.

299 3095 345 3158 vix
367 3113 434 3174 spes
456 3094 518 3174 ipse
540 3113 608 3158 suas
629 3095 730 3157 animo
751 3093 839 3174 capit,
861 3086 951 3157 aurea
971 3097 1087 3174 fingens

299 3193 408 3256 omnia.
452 3193 592 3273 gaudenti
615 3213 733 3256 mensas
754 3211 881 3272 posuere
902 3194 1027 3256 ministri

298 3304 460 3356 exstructas
481 3289 609 3372 dapibus
630 3311 687 3356 nec
708 3303 803 3356 tostae
825 3291 914 3372 frugis
935 3305 1074 3371 egentes:

298 3403 361 3454 tum
383 3409 461 3466 vero,
484 3387 545 3454 sive
567 3391 615 3454 ille
637 3409 690 3454 sua
711 3389 846 3455 Cerealia
866 3391 968 3454 dextra

300 3509 422 3554 munera
443 3487 615 3569 contigerat,
639 3488 773 3556 Cerealia
793 3489 875 3552 dona
895 3489 1037 3569 rigebant,

300 3589 361 3652 sive
383 3589 475 3669 dapes
497 3587 584 3652 avido
606 3590 772 3653 convellere
793 3588 885 3650 dente
906 3590 1036 3668 parabat,

299 3689 443 3754 inlumina
464 3687 543 3750 fulva
564 3687 664 3768 dapes,
688 3687 811 3750 admoto
833 3688 932 3762 dente,
954 3690 1117 3768 premebat.
