2964 4366
391 317 811 378 METAMORPHOSEON
838 319 917 378 LIB.
941 319 985 377 XI

228 487 282 546 Est
303 503 397 563 prope
419 483 598 545 Cimmerios
619 486 709 561 longo
731 485 874 561 spelunca
894 503 1020 557 recessu,

187 603 272 644 mons
294 603 393 657 cavus,
416 581 513 660 ignavi
534 584 644 642 domus
666 593 695 642 et
715 581 877 660 penetralia
899 582 1002 643 Somni
1014 605 1022 655 ;

185 701 246 758 quo
267 700 433 759 numquam
455 679 543 740 radiis
565 680 662 740 oriens
685 680 839 740 mediusve
860 682 1008 742 cadensve

185 781 326 840 Phoebus
347 779 429 840 adire
450 790 558 857 potest.
601 779 730 840 nebulae
751 778 877 858 caligine
898 778 1007 839 mixtae

184 879 357 939 exhalantur
378 880 472 937 humo
493 876 664 956 dubiaeque
685 880 860 956 crepuscula
880 877 963 938 lucis,

183 997 245 1037 non
266 976 336 1055 vigil
356 978 418 1038 ales
438 975 480 1036 ibi
501 975 613 1036 cristati
634 975 771 1037 cantibus
793 977 851 1037 oris

183 1087 288 1136 evocat
308 1076 464 1148 Auroram,
480 1093 544 1135 nec
565 1093 640 1136 voce
661 1074 778 1135 silentia
799 1086 941 1154 rumpunt

182 1169 337 1230 sollicitive
357 1189 447 1229 canes
468 1169 630 1230 canibusve
651 1169 784 1246 sagacior
803 1188 908 1244 anser3

182 1287 243 1327 non
264 1269 334 1341 fera,
356 1288 418 1328 non
439 1269 580 1345 pecudes,
602 1287 665 1328 non
687 1267 761 1327 moti
782 1267 903 1328 flamine
924 1267 997 1328 rami

181 1368 367 1426 humanaeve
389 1385 498 1426 sonum
519 1367 649 1427 reddunt
670 1365 806 1427 convicia
827 1365 945 1443 linguae
955 1389 963 1440 ;

181 1474 263 1525 muta
283 1463 369 1542 quies
389 1463 512 1525 habitat.
557 1484 628 1524 saxo
649 1475 751 1525 tamen
772 1463 831 1526 exit
852 1464 891 1524 ab
912 1464 974 1526 imo

179 1563 258 1623 rivus
278 1583 374 1641 aquae
396 1564 515 1637 Lethes,
538 1581 702 1641 perquem
724 1583 793 1624 curn
816 1583 967 1624 murmure
987 1564 1091 1625 labens

178 1661 283 1723 invitat
304 1681 426 1722 somnos
446 1660 661 1739 crepitantibus
682 1663 764 1722 unda
785 1660 900 1739 lapillis.

178 1771 248 1821 ante
269 1761 346 1821 fores
366 1759 442 1820 antri
464 1760 593 1820 fecunda
614 1778 762 1837 papavera
782 1761 888 1819 florent
1133 1767 1182 1833 605

178 1858 412 1936 innumeraeque
433 1858 551 1932 herbae,
575 1877 701 1936 quarum
722 1859 761 1918 de
784 1857 860 1918 lacte
881 1876 1019 1936 soporem

178 1959 246 2018 Nox
268 1956 338 2034 legit
359 1968 389 2018 et
410 1955 520 2035 spargit
541 1976 594 2034 per
614 1976 723 2034 opacas
745 1956 849 2017 umida
869 1967 968 2017 terras¹

177 2055 273 2129 ianua,
297 2076 335 2116 ne
357 2073 442 2116 verso
463 2054 603 2116 stridores
625 2054 746 2117 cardine
768 2055 882 2128 reddat,

176 2154 258 2215 nulla
277 2155 371 2215 domo
393 2164 464 2226 tota,
486 2163 587 2215 custos
608 2152 639 2212 in
661 2152 763 2214 limine
785 2154 891 2214 nullus.

174 2263 206 2312 at
227 2251 328 2313 medio
349 2263 432 2312 torus
454 2263 499 2312 est
520 2251 640 2313 hebeno
661 2249 797 2312 sublimis
818 2250 849 2310 in
870 2261 965 2324 antro,
1132 2261 1181 2310 610
1203 2271 1210 2285 ·

174 2353 321 2431 plumeus,
343 2350 488 2426 unicolor,
509 2347 599 2428 pullo'
613 2350 760 2412 velamine
781 2360 877 2411 tectus
888 2372 897 2425 ;

174 2468 236 2527 quo
257 2449 347 2510 cubat
368 2449 432 2528 ipse
453 2451 528 2510 deus
549 2447 691 2509 membris
713 2450 855 2526 languore
876 2447 987 2508 solutis.

173 2549 256 2608 hunc
276 2548 354 2608 circa
374 2546 485 2626 passim
507 2546 601 2607 varias
622 2545 768 2607 imitantia
789 2548 899 2606 formas

173 2645 297 2706 Somnia
318 2665 394 2706 vana
415 2645 514 2706 iacent
534 2644 672 2720 totidem,
692 2656 767 2723 quot
790 2644 893 2705 messis
914 2643 1027 2718 aristaS,

172 2742 246 2804 silva
266 2743 340 2822 gerit
360 2745 490 2818 frondes,
512 2742 623 2804 eiectas
643 2742 713 2803 litus
734 2745 867 2804 harenas.
1127 2751 1177 2817 ⁶15

171 2861 234 2920 quo
255 2841 342 2902 simul
365 2841 483 2903 intravit
504 2841 703 2919 manibusque
724 2841 874 2902 obstantia
895 2843 977 2919 virgo

170 2939 295 3000 Somnia
316 2939 450 3014 dimovit,
473 2939 563 3001 vestis
584 2941 698 3018 fulgore
719 2939 825 3001 reluxit

170 3058 254 3098 sacra
275 3040 402 3099 domus:
430 3040 575 3116 tardaque
594 3039 669 3100 deus
690 3037 832 3116 gravitate
853 3038 983 3099 iacentes

168 3136 218 3196 vix
240 3138 344 3197 oculos
366 3137 483 3211 tollenS,
507 3136 674 3215 iterumque
695 3136 863 3214 iterumque
884 3138 1020 3198 relabens

168 3255 349 3313 summaque
370 3235 538 3314 percutiens
560 3234 677 3296 nutanti
698 3245 819 3313 pectora
841 3246 952 3308 ment0,
1125 3242 1175 3293 620

167 3333 298 3394 excussit
319 3334 441 3395 tandem
465 3333 521 3393 sibi
543 3353 584 3408 se,
606 3332 770 3411 cubitoque
792 3335 914 3406 levatus,

167 3430 243 3509 quid
265 3430 364 3492 veniat
385 3430 539 3509 (cognovit
560 3430 655 3509 enim)
678 3431 806 3492 scitatur.
850 3443 881 3491 at
901 3431 971 3492 illa:

169 3533 310 3604 ‘Somne,
331 3527 417 3607 quies
438 3541 544 3602 rerum,
567 3528 776 3607 placidissime,
800 3531 920 3602 Somne,
943 3532 1077 3604 deorum,

166 3648 225 3707 pax
246 3627 347 3699 animi,
370 3648 460 3706 quern
483 3648 553 3688 cura
574 3627 656 3704 sugit,
679 3627 730 3704 qui
752 3647 876 3705 corpora
896 3626 977 3687 duris

166 3728 245 3786 fessa
266 3723 436 3786 ministeriis
458 3728 571 3786 mulces
591 3745 768 3803 reparasque
790 3724 894 3798 labori,
1124 3737 1172 3800 625

201 3837 242 3872 OV.
259 3837 317 3871 m.
332 3836 360 3871 xl
1090 3835 1106 3871 C
