2964 4366
290 385 292 390 ,
392 304 813 368 METAMORPHOSEON
841 307 919 365 LIB.
942 307 987 365 XI

188 483 217 530 et
239 471 375 546 lacrimis,
398 473 573 551 animasque
595 475 669 532 duas
691 484 723 533 ut
745 483 840 534 servet
861 472 892 532 in
913 491 981 533 una.

188 571 335 632 Aeacides
357 572 417 633 illi:
448 575 613 650 ‘pulchros
637 572 745 650 regina,
768 571 896 650 piosque

188 690 267 748 pone
289 681 404 746 metus;
433 673 521 750 plena
543 683 587 732 est
607 670 746 750 promissi
767 671 859 749 gratia
879 670 978 731 vestri.
1139 697 1189 746 390

187 787 248 828 non
269 770 367 848 placet
390 790 472 830 arma
493 769 566 830 mihi
588 781 692 831 contra
713 789 791 830 nova
812 780 945 830 monstra
967 769 1096 830 moveri:

187 886 299 927 numen
320 870 508 930 adorandum
529 868 626 947 pelagi
647 870 710 929 est.’
752 879 814 929 erat
835 869 928 929 ardua
950 868 1045 939 turris,

186 986 253 1027 arce
273 968 383 1044 pharus
405 987 532 1043 summa,
553 967 637 1028 fessis
659 969 725 1028 loca
746 978 828 1045 grata
849 965 966 1028 carinis.

185 1065 374 1127 adscendunt
395 1066 473 1139 illuc,
497 1078 665 1145 stratosque
685 1065 715 1126 in
738 1065 823 1126 litore
845 1076 944 1126 tauros

185 1183 255 1224 curn
275 1163 388 1242 gemitu
409 1165 588 1244 adspiciunt,
611 1175 851 1242 vastatoremque
872 1175 996 1225 cruento
1140 1189 1186 1240 305

185 1282 236 1322 ore
257 1265 361 1337 ferum,
384 1265 489 1342 longos
511 1264 655 1326 infectum
676 1263 820 1342 sanguine
841 1263 935 1324 villos.

185 1362 256 1422 inde
277 1381 383 1423 manus
404 1365 532 1424 tendens
555 1363 585 1423 in
606 1362 700 1442 aperti
721 1362 807 1423 litora
828 1362 922 1441 ponti,

185 1462 351 1522 caeruleam
374 1463 480 1523 Peleus
503 1463 682 1523 Psamathen
706 1472 738 1522 ut
759 1461 842 1522 finiat
863 1461 936 1521 iram

186 1571 249 1621 orat
270 1579 421 1639 opemque
442 1563 523 1623 ferat.
567 1581 624 1622 nec
645 1560 769 1621 vocibus
791 1560 841 1621 illa
862 1560 991 1638 rogantis

99 1694 103 1702 ,
187 1658 315 1720 flectitur
336 1660 504 1722 Aeacidae:
533 1659 638 1722 'lhetis
660 1663 738 1721 hanc
759 1678 814 1738 pro
836 1661 963 1737 coniuge
985 1663 1109 1739 supplex
1137 1685 1187 1734 400

185 1757 300 1836 accepit
322 1758 448 1820 veniam.
493 1759 648 1821 sedenim
670 1769 824 1819 revocatus
846 1758 876 1818 in
898 1759 958 1819 acri

185 1857 278 1918 caede
299 1858 386 1936 lupus
408 1869 526 1936 perstat,
549 1857 711 1920 dulcedine
732 1856 884 1936 sanguinis
904 1877 990 1935 asper
1000 1880 1007 1932 3

184 1955 283 2016 donec
303 1955 507 2018 inhaerentem
530 1958 644 2018 lacerae
665 1956 780 2018 cervice
800 1955 944 2017 iuvencae

185 2073 332 2115 marmore
353 2054 486 2116 mutavit.
529 2074 645 2134 corpus,
668 2065 843 2133 praeterque
864 2055 995 2116 colorem

185 2152 295 2227 omnia,
319 2153 463 2215 servavit:
492 2153 599 2232 lapidis
621 2155 704 2215 color
725 2153 846 2227 indicat,
870 2153 953 2214 illum
1138 2177 1186 2227 405

184 2251 244 2312 iam
266 2272 327 2312 non
349 2272 414 2313 esse
436 2255 548 2332 lupum,
572 2252 631 2314 iarn
653 2272 715 2313 non
736 2253 847 2314 debere
868 2254 973 2314 timeri.

185 2368 242 2411 nee
263 2362 363 2412 tamen
386 2354 442 2412 hac
463 2354 622 2431 profugum
644 2354 806 2413 consistere
829 2353 918 2413 Pelea
938 2363 1021 2413 terra·

161 2450 244 2520 ¹fata
265 2452 383 2512 sinunt:
413 2453 571 2529 Magnetas
591 2452 654 2511 adit
675 2470 766 2528 vagus
788 2452 864 2524 exul,
887 2461 916 2511 et
937 2449 996 2511 illic

185 2547 274 2608 sumit
295 2549 334 2608 ab
356 2549 530 2610 Haemonio
551 2549 726 2628 purgamina
746 2549 846 2610 caedis
867 2552 989 2610 Acasto

127 2631 134 2646 ’
227 2649 345 2708 Interea
365 2648 520 2726 fratrisque
543 2648 588 2708 sui
611 2650 790 2726 fratremque
812 2647 921 2708 secutis

183 2745 271 2806 anxia
290 2745 432 2825 prodigiis
455 2747 589 2808 turbatus
610 2758 730 2826 pectora
752 2748 842 2825 Ceyx,

184 2848 320 2905 consulat
342 2857 375 2906 ut
396 2866 504 2921 sacraS,
524 2846 681 2907 hominum
703 2846 895 2921 oblenimina‚
919 2857 1020 2919 sortes

184 2945 223 3005 ad
246 2943 379 3005 Clarium
401 2956 485 3023 parat
506 2944 548 3006 ire
568 2946 668 3006 deum.
712 2965 782 3006 narn
806 2947 918 3024 templa
939 2946 1080 3024 profanus

185 3041 263 3103 invia
284 3062 353 3103 cum
376 3043 514 3122 Phlegyis
536 3042 663 3105 faciebat
686 3044 834 3121 Delphica
855 3043 997 3103 Phorbas.

184 3141 300 3201 consilii
321 3152 422 3202 tamen
444 3154 514 3202 ante
536 3141 591 3216 sui,
614 3141 765 3215 fidissima,
789 3153 901 3204 certam

183 3252 214 3302 te
235 3239 312 3314 facit,
335 3241 480 3318 Alcyone.
522 3241 571 3301 cui
592 3240 727 3320 protinus
750 3241 855 3302 intima
876 3241 966 3318 frigus

183 3356 251 3398 ossa
273 3349 458 3417 receperunt,
482 3339 623 3418 buxoque
644 3339 812 3401 simillimus
834 3358 885 3400 ora

183 3438 277 3514 pallor
298 3437 372 3512 obit,
396 3437 701 3517 lacrimisquegenae
723 3439 864 3500 maduere
886 3436 1020 3516 profusis.

183 3547 227 3596 ter
247 3547 355 3596 conata
376 3536 459 3614 loqui
481 3548 525 3598 ter
546 3537 665 3598 fletibus
687 3557 739 3598 ora
759 3536 870 3615 rigavit,

182 3633 374 3713 singultuque
395 3635 459 3715 pias
481 3637 715 3715 interrumpente
737 3637 882 3715 querellas
1136 3659 1187 3709 420

183 3737 279 3811 ‘quae
301 3753 368 3794 mea
389 3735 477 3813 culpa
500 3738 598 3796 tuam'
619 3734 694 3795 dixit
717 3734 891 3810 ‘carissima
915 3744 1046 3796 mentem
