2964 4366
625 261 658 318 P.
682 257 807 319 OVIDI
832 257 1013 318 NASONIS

311 423 421 485 vertit?
448 423 501 485 ubi
522 435 576 500 est,
600 442 679 503 quae
700 443 771 484 cura
793 422 852 484 mei
873 423 953 501 prior
974 442 1040 484 esse
1062 423 1200 483 solebat?

312 521 371 583 iarn
393 533 479 601 potes
501 523 637 600 Alcyone
660 541 781 583 securus
803 523 909 582 abesse
931 522 1056 583 relicta?

312 620 371 682 iarn
393 619 440 680 via
461 621 691 700 longaplacet?
719 619 778 680 iam
800 641 867 681 sum
889 619 943 681 tibi
965 620 1059 681 carior
1080 616 1209 680 absens?

312 731 351 792 at,
373 729 457 797 putu,
479 738 531 798 per
552 730 644 780 terras
666 718 795 793 iterem,
819 729 998 796 tantumque
1019 718 1139 790 dolebo,
1266 745 1319 794 ⁴²5

313 836 375 878 non
397 819 487 879 etiam
508 828 648 892 metuam,
673 835 821 896 curaeque
842 819 949 878 timore
970 817 1122 877 carebunt.

313 934 443 995 aequora
465 935 514 978 me
535 927 645 978 terrent
666 927 696 977 et
717 919 802 994 ponti
824 915 914 977 tristis
935 918 1042 992 imago.

313 1025 343 1076 et
364 1016 476 1075 laceras
498 1033 592 1093 nuper
612 1015 729 1076 tabulas
750 1016 781 1075 in
802 1016 888 1075 litore
909 1014 978 1086 vidi,

313 1125 343 1174 et
364 1131 454 1192 saepe
475 1114 506 1174 in
528 1111 648 1174 tumulis
671 1113 735 1173 sinc
756 1131 881 1192 corpore
902 1111 1025 1172 nomina
1046 1110 1110 1188 legi.
1154 1105 1157 1110 ’

313 1229 389 1272 neve
411 1221 495 1272 tuum
518 1211 605 1272 fallax
625 1210 760 1273 animum
782 1209 893 1271 fiducia
914 1220 1023 1288 tangat,
1267 1235 1320 1284 430

314 1311 397 1389 quod
419 1327 503 1370 socer
526 1308 717 1389 Hippotades
739 1307 793 1369 tibi
815 1308 861 1382 sit,
885 1308 935 1386 qui
958 1327 1075 1368 carcere
1096 1309 1185 1367 sortes

313 1409 466 1470 contineat
488 1418 599 1482 ventos,
623 1419 661 1481 et,
684 1397 753 1468 cum
775 1406 857 1482 velit,
876 1425 1007 1484 aequora
1027 1407 1134 1484 placet.

314 1525 383 1568 cum
406 1509 498 1568 semel
519 1505 620 1568 emissi
641 1517 800 1567 tenuerunt
821 1523 952 1583 aequora
973 1505 1062 1577 venti,

315 1605 356 1667 nil
377 1604 434 1667 illis
455 1603 578 1666 vetitum
600 1615 653 1678 est,
677 1601 980 1681 incommendataque
1001 1605 1087 1664 tellus

314 1701 412 1763 omnis
434 1713 463 1764 et
485 1722 576 1764 omne
595 1705 712 1764 fretum.
756 1701 830 1762 caeli
852 1720 974 1780 quoque
996 1703 1098 1762 nubila
1119 1712 1225 1762 vexant
1268 1727 1317 1776 435

315 1801 527 1881 excutiuntque
548 1801 615 1862 ieris
637 1800 740 1862 rutilos
761 1799 956 1861 concursibus
978 1801 1068 1879 ignes.

314 1919 376 1978 quo
398 1899 491 1978 magis
511 1900 566 1960 hos
588 1898 658 1961 novi
679 1898 763 1978 (nam
785 1898 855 1958 novi
876 1909 906 1959 et
927 1919 1016 1977 saepe
1035 1911 1158 1979 patema

315 2017 404 2076 parva
426 1998 518 2058 domo
540 1997 622 2078 vidi),
646 1997 738 2076 magis
760 1999 818 2057 hoc
840 2017 905 2058 reor
926 2017 991 2058 esse
1012 1998 1171 2059 timendos.

315 2098 398 2174 quod
419 2107 470 2157 tua
492 2095 515 2157 si
537 2095 616 2158 flecti
638 2095 775 2176 precibus
798 2096 945 2158 sententia
966 2097 1063 2171 nullis,

315 2213 390 2268 care,
413 2205 519 2273 potest,
543 2195 683 2269 coniunx,
704 2194 891 2274 nimiumque
912 2215 944 2256 es
966 2207 1063 2257 certus
1084 2197 1184 2270 eundi,
1268 2225 1318 2273 440

315 2313 363 2354 me
385 2311 506 2372 quoque
527 2295 599 2355 tolle
620 2293 716 2355 simul.
760 2303 839 2354 certe
860 2293 1036 2356 iactabimur
1057 2313 1124 2368 una,

315 2409 371 2452 nec
392 2389 449 2453 nisi
471 2411 548 2470 quae
569 2391 670 2471 patiar,
694 2402 845 2468 metuam;
873 2393 1042 2472 pariterque
1063 2396 1199 2467 feremus,

315 2489 458 2569 quicquid
480 2490 554 2566 erit3
582 2491 690 2570 pariter
710 2510 799 2570 super
818 2510 949 2570 aequora
970 2494 1029 2553 lata
1049 2494 1194 2553 feremur!

356 2588 481 2651 Talibus
502 2589 637 2652 Aeolidis
658 2589 746 2651 dictis
768 2589 957 2669 lacrimisque·
979 2602 1115 2652 movetur

314 2687 446 2750 sidereus
461 2687 612 2763 coniunx;
632 2688 825 2767 nequeenim
841 2688 939 2750 minor
953 2689 1029 2767 ignis
1043 2689 1074 2749 in
1088 2689 1155 2768 ipso
1170 2699 1222 2750 est.
1266 2716 1315 2766 445

314 2789 367 2849 sed
389 2806 488 2867 neque
508 2787 676 2866 propositos
697 2787 795 2867 pelagi
816 2787 965 2850 dimittere
987 2809 1097 2862 cursus,

313 2906 369 2948 nec
391 2888 453 2948 vult
474 2889 631 2966 Alcyonen
652 2886 683 2947 in
705 2898 818 2966 partem
839 2886 983 2948 adhibere
1003 2887 1123 2966 pericli;

314 2989 467 3064 multaque
487 2985 641 3065 respondit
662 2985 801 3048 timidum
824 2985 949 3047 solantia
970 2997 1083 3065 pectus.

313 3104 375 3146 non
396 3097 496 3148 tamen
519 3084 630 3147 idcirco
651 3104 771 3147 causam
793 3084 907 3164 probat.
951 3085 1068 3146 addidit
1089 3084 1145 3145 illis

313 3185 372 3245 boc
393 3203 515 3264 quoque
535 3183 675 3258 lenimen,
698 3203 759 3262 quo
781 3185 846 3244 solo
867 3183 948 3245 flexit
968 3195 1137 3245 amantem:
1265 3209 1317 3258 450

314 3285 418 3362 ‘longa
439 3283 563 3361 quidem
584 3293 629 3344 est
649 3281 738 3343 nobis
759 3281 857 3343 omnis
879 3301 979 3343 mora:
1008 3284 1062 3343 sed
1084 3281 1137 3343 tibi
1159 3281 1224 3343 iuro

313 3399 366 3459 per
385 3379 497 3458 patrios
517 3380 608 3460 ignes,
632 3381 657 3441 si
677 3399 726 3442 me
748 3382 840 3442 modo
860 3381 921 3441 fata
941 3380 1100 3455 remittent,

312 3489 382 3540 ante
403 3499 595 3554 reversurum,
618 3497 708 3559 quam
731 3481 801 3540 luna
822 3478 868 3538 bis
889 3478 1012 3558 impleat
1033 3481 1156 3540 orbem)

312 3577 359 3640 his
381 3577 433 3640 ubi
454 3577 607 3659 promissis
628 3597 696 3660 spes
717 3588 762 3639 est
782 3579 905 3639 admota
925 3597 1070 3653 recursus,

312 3675 447 3755 protinus
469 3678 608 3740 eductam
630 3675 785 3738 navalibus
806 3695 936 3755 aequore
956 3676 1058 3755 tingui,
1263 3705 1313 3756 455
